3508 4972
668 249 712 265 ..
741 213 780 280 13
798 204 850 263 ·...

170 383 269 446 munis
290 381 371 456 Son,
392 376 472 458 apud
496 375 611 435 dictum
634 372 791 454 palatium,
814 371 844 432 in
867 388 927 448 quo
949 363 1104 450 prermsuit
1126 374 1158 431 et
1178 369 1335 432 corrsitium

94 477 97 483 ’
171 480 270 560 petiit,
292 478 413 556 quoa...
1434 555 1439 569 ᾖ

249 575 328 638 Item
349 593 417 636 oum
438 568 621 632 audiveritis
641 565 832 647 inpresenti
857 564 982 628 oonsilio
1003 564 1064 646 legi
1086 565 1263 646 petitionem
1283 588 1338 631 seu

169 675 419 755 supplicationem
451 674 618 750 porrectam
649 666 814 728 camerario
844 671 877 727 et
896 663 942 744 iiij
965 665 1174 756 provisoribus
1201 670 1336 732 conruuis

100 800 105 810 ·
170 773 240 834 Son.
251 772 289 832 de
303 769 474 851 provisione
495 767 526 827 in
547 764 650 843 aliquo
662 763 833 826 ordinanda
844 763 992 843 magistro
1004 763 1151 826 Nicbolao
1164 765 1202 826 de
1214 766 1336 846 Arrglia,
1377 850 1378 853 ᾖ
1422 804 1425 810 ·

170 867 330 948 professori
351 875 383 928 et
404 864 552 944 magistro
572 863 604 925 in
625 861 722 941 logica
743 867 784 942 et⁸
796 867 919 939 natura,
939 863 991 941 qui
1014 862 1084 924 vuit
1104 861 1174 924 Sea.
1187 865 1292 927 venire
1304 871 1337 927 et
1413 945 1421 954 ᾖ
1501 939 1505 946 ᾖ

71 995 74 1000 ·
169 969 200 1028 ῖη
220 952 378 1028 civitatem
398 963 468 1026 Son.
480 981 584 1040 regere
598 965 630 1022 et
643 960 757 1037 docere,
774 966 864 1040 prout
878 961 909 1022 in
930 961 1014 1023 dicta
1036 963 1183 1042 petitione
1204 963 1341 1027 cornino,
1427 1013 1428 1018 1
1530 1039 1532 1046 ᾖ

168 1071 239 1125 tur:
261 1062 343 1140 Quid
365 1061 453 1124 vobis
474 1060 582 1122 melius
602 1064 634 1122 et
656 1057 763 1120 utilius
784 1077 838 1138 pro
857 1056 977 1120 cerauni
998 1057 1132 1137 ridetur,
1153 1059 1186 1121 in
1208 1058 1266 1122 Dei
1286 1080 1335 1122 no·
1405 1052 1407 1057 ’
1488 1047 1510 1090 ’·

24 1142 38 1171 ”
89 1143 91 1150 ’
131 1179 133 1184 ·
168 1160 257 1235 mino,
278 1158 457 1220 corrsuiatis.
1260 1165 1262 1170 ’
1377 1167 1382 1175 “

149 1283 150 1289 “
247 1256 287 1318 In
307 1256 427 1318 nomine
449 1254 581 1330 Domini,
603 1273 701 1315 amen.

249 1354 397 1415 Dominus
419 1351 529 1414 Gratia
549 1352 651 1413 iudex.
1028 1403 1032 1413 .

99 1485 105 1496 ·
167 1471 260 1533 super
281 1450 361 1514 sacto
381 1451 522 1528 magistri
537 1449 675 1512 Nicbolai
697 1453 730 1522 st
751 1450 898 1530 petitione
913 1469 965 1530 pro
980 1458 1067 1530 parte
1088 1453 1164 1528 eins,
1179 1454 1267 1515 cuins
1288 1475 1335 1552 ry
1415 1531 1422 1538 .

166 1551 288 1612 titionis
309 1549 403 1610 ferma
424 1555 473 1611 est
493 1546 583 1626 inira,
597 1547 688 1625 dixit,
709 1548 789 1627 quod
812 1548 911 1628 piacet
931 1547 1010 1626 quod
1032 1549 1137 1611 veniat
1158 1551 1283 1613 studere
1302 1557 1334 1614 et

167 1667 273 1726 regere
293 1645 363 1708 Sea.
376 1647 497 1724 etquod
513 1645 712 1729 provideatur
733 1667 787 1727 per
806 1646 1004 1708 camerarium
1019 1652 1051 1708 et
1064 1647 1119 1727 iiij,
1140 1649 1173 1710 ia
1194 1669 1258 1711 xxv
1279 1649 1332 1711 lib.
1365 1706 1371 1717 ,

168 1765 222 1824 pro
235 1764 320 1806 anno
341 1744 560 1826 proximaque
580 1747 704 1806 steterit
724 1743 763 1806 ad
784 1743 950 1823 regendum
972 1735 1047 1806 Seu,
1063 1751 1095 1806 et
1115 1765 1170 1825 pro
1191 1748 1333 1826 pensione

166 1841 292 1921 trospitii
312 1841 345 1902 in
367 1862 446 1903 anno
468 1843 603 1923 proximo
622 1841 655 1902 in
666 1861 696 1914 ,x
710 1841 763 1902 lib.
780 1840 978 1921 provideatur
991 1840 1135 1905 similiter
1155 1844 1182 1905 si
1198 1845 1270 1906 Sen.
1285 1863 1333 1906 re·

166 1939 248 2000 uerit
268 1947 300 2001 et
320 1941 445 2002 steterit
464 1940 503 2001 ad
525 1939 701 2018 regendum.

247 2036 396 2100 Dominus
417 2037 547 2101 iacobus
568 2037 751 2100 Guidncoini
809 2080 1016 2102 .....
1056 2058 1149 2119 super
1170 2037 1252 2102 sacto
1272 2061 1331 2102 ma·

164 2135 257 2215 gistri
279 2136 428 2216 Nicbolaj,
449 2137 603 2198 consuluit
623 2137 703 2215 quod
725 2135 922 2216 provideatur
943 2137 1102 2198 anmratim
1123 2139 1155 2199 in
1178 2138 1205 2199 L
1226 2139 1279 2200 lib.
1300 2146 1332 2219 ot

156 2233 221 2315 ‘boc
236 2231 359 2296 fiathoo
374 2235 467 2312 modo,
481 2235 561 2313 quod
582 2236 728 2297 mictetur
742 2235 773 2296 in
787 2235 966 2312 constituto,
978 2235 1099 2313 quando
1119 2235 1339 2298 comorabitur.'
1406 2311 1409 2318 ᾖ
1442 2283 1444 2287 -

246 2329 400 2393 Ghuccins
420 2331 490 2394 oiim
512 2331 685 2393 Guidenis.
728 2375 736 2392 .
778 2374 786 2392 .
829 2375 837 2413 ·.
879 2374 886 2392 .
928 2329 937 2390 .
978 2351 1070 2413 super
1090 2331 1171 2394 sacto
1191 2333 1330 2413 magistri
1471 2319 1479 2336 ‘

165 2425 316 2505 Nicbclai,
337 2429 415 2490 dicit
434 2429 513 2491 idem
535 2430 616 2507 quod
637 2429 777 2491 dominus
798 2428 909 2491 Gratia
930 2428 1031 2491 iudex.

246 2523 412 2588 Concordia
432 2526 550 2589 consilii
586 2570 846 2589 ......
897 2526 936 2588 de
956 2524 1037 2589 sacto
1057 2527 1169 2590 domini
1194 2528 1332 2591 Nicbeiai

69 2702 72 2708 ᾖ
165 2662 174 2680 .
218 2663 226 2682 .
267 2665 277 2684 .
312 2612 326 2685 ’.
368 2667 376 2685 .
418 2630 467 2686 est
486 2624 644 2687 concordia
664 2623 782 2687 consilii
805 2624 835 2684 in
856 2623 939 2684 dicto
959 2622 1193 2687 dominiGratie
1210 2626 1331 2687 indicis.

570 2720 628 2783 Die
649 2720 716 2800 viiij
739 2720 933 2800 septembris.
1010 2756 1013 2764 ·

245 2819 328 2883 Data
350 2827 398 2884 est
419 2819 509 2881 michi
533 2818 701 2882 Orlandino
732 2826 840 2882 notare
870 2819 994 2881 licen-tia
1020 2826 1053 2889 et
1072 2821 1249 2884 mandatum
1279 2842 1333 2904 per
1401 2854 1404 2865 ·

165 2920 320 2981 dominum
341 2925 523 3000 potestatam
546 2917 722 3000 publicandi
753 2919 941 2981 concordiam
970 2921 1220 3002 suprascriptam,
1241 2941 1333 3001 super

91 3078 93 3082 .
165 3017 296 3080 articulo
314 3017 395 3097 qued
415 3017 551 3096 loquitur
581 3017 620 3079 de
640 3016 812 3096 provisione
830 3016 984 3080 'facienda
1005 3017 1158 3099 Magistro
1178 3018 1332 3098 Nicboiao,
1386 3015 1392 3028 '
1433 3035 1436 3042 ’

157 3133 263 3187 ¹coram
285 3113 448 3177 Guillelmo
467 3115 505 3176 de
526 3113 656 3191 Palatio,
672 3113 821 3176 familiare
834 3114 946 3176 domini
969 3117 1142 3194 potestatis,
1157 3124 1190 3178 st
1203 3117 1331 3179 Tuccio:
1405 3183 1409 3190 ,
1479 3134 1484 3142 ’

104 3219 109 3226 ’
166 3213 284 3275 notario
304 3220 337 3276 at
356 3213 697 3292 Rugerio'Benenoase,
719 3211 854 3277 testibus
875 3211 1079 3292 presentibus.

284 3355 287 3361 '
367 3345 556 3427 Supplicutio
577 3365 631 3426 pro
651 3346 800 3425 magistro
820 3334 975 3424 Nicholao,
997 3349 1047 3408 eat
1066 3346 1129 3409 beo.

246 3478 323 3544 Cum
348 3489 470 3563 propter
490 3481 595 3543 studia
615 3479 792 3543 lieterarum
813 3479 958 3544 civitates
978 3479 1152 3545 efficiantur
1174 3503 1281 3545 amone
1300 3489 1333 3546 et
1422 3495 1439 3542 ’.

155 3578 250 3642 'cives
270 3581 426 3661 sapientes
446 3577 584 3660 et'probi
616 3599 674 3642 aec
702 3580 949 3661 expediatcires
982 3581 1089 3644 talium
1110 3582 1272 3645 civitatum
1292 3585 1332 3646 ad
1445 3581 1464 3631 -'
1514 3653 1518 3662 ᾖ
1621 3639 1635 3666 ᾖ.
1697 3654 1700 3662 ᾖ

167 3682 265 3741 terras
285 3697 379 3740 causa
400 3675 610 3760 proficiscendi
631 3695 758 3759 pergere
777 3676 894 3740 alienas
914 3677 968 3740 sed
984 3679 1060 3760 ipsis
1079 3679 1200 3743 civibus
1220 3701 1333 3743 eorum·
1421 3725 1423 3730 ,
1531 3719 1543 3766 ¹,
1615 3721 1618 3730 -
1681 3691 1685 3700 '

117 3825 119 3832 .
165 3793 226 3852 que
245 3775 426 3839 comunibus
446 3776 540 3838 bonor
559 3775 696 3856 insurgit
716 3775 832 3856 pluries
852 3781 885 3839 et
905 3774 1061 3857 proiectus
1088 3783 1120 3841 et
1141 3777 1255 3858 ubique
1276 3787 1333 3843 tar·
1608 3771 1611 3778 ⁴

86 3906 89 3910 ·
165 3890 268 3934 rarum
290 3863 660 3954 plurimumhonorantur,
676 3873 760 3936 etad
781 3878 898 3935 statum
920 3874 1027 3936 talium
1047 3875 1161 3938 civium
1182 3883 1215 3939 et
1235 3897 1332 3940 comu·
1430 3908 1433 3913 ·
1536 3865 1538 3871 ¹
1610 3957 1613 3964 ᾖ

126 3988 130 3994 ·
165 3965 250 4033 nium
271 3972 445 4034 redundent
476 3979 509 4034 et
538 3971 704 4049 comodum,
725 3965 897 4052 suplioaiur
927 3970 1016 4035 vobis
1033 3975 1268 4046 „camerariaiet
1287 3997 1392 4070 ιιῃῇ
1463 3998 1466 4004 ·
1519 3976 1524 3983 “
1624 3961 1639 3995 ”

166 4069 376 4150 provisoribus
395 4068 540 4147 comunis,
556 4070 637 4149 qnod
657 4089 726 4132 eum
740 4070 888 4151 magister
901 4068 1069 4134 Niebelaus
1081 4072 1120 4135 de
1134 4074 1259 4154 Angiie,
1279 4075 1334 4154 qni
1453 4112 1459 4122 ·

165 4185 247 4228 nune
267 4187 380 4230 moram
400 4153 555 4240 contebait
567 4166 601 4229 io
615 4164 700 4230 ouria
720 4185 856 4246 romana,
868 4166 956 4230 homo
973 4168 1221 4250 sapientissimus
1242 4179 1367 4294 atque«q
1463 4181 1469 4192 “
