3508 4972
25 63 1743 124 h-——u-——m-——Q

526 197 529 204 ’
659 175 833 334 2723*-
885 251 887 254 ·

249 415 372 486 Verum,
402 408 611 485 quiapnrunr
643 403 767 483 prodest
793 401 968 464 libertatem
992 406 1181 484 contaedere,-
1199 411 1259 470 nisi
1293 413 1336 474 eit

67 533 70 539 ·
168 519 219 596 qui
253 506 530 580 tuautnreosdenr,
552 501 715 563 Senensem
738 502 932 580 Episcopum,
952 501 1006 578 qui
1027 511 1085 579 eet,
1106 507 1212 584 etqui
1242 507 1340 571 luerit·
1410 497 1413 502 ¹
1456 520 1463 534 ·

170 634 223 694 pro
244 617 386 688 ternpore,
404 602 537 666 emnium
558 606 591 666 et
611 598 799 676 singulorum
821 596 1069 675 Privilegiermn,
1084 600 1289 681 libertatum,
1304 612 1336 668 et

170 704 410 775 Immunitatmn,
431 717 468 760 ae
488 696 725 776 Exenrpeionnm
746 692 849 756 Stadii
880 695 1050 774 supradicti
1080 697 1333 764 'Gerrservutorem

167 801 394 868 eorrstituimus:
416 797 504 875 eique
524 794 644 875 plenam
671 792 779 854 daruus
800 799 831 853 et
859 790 986 854 liberam
1009 799 1192 873 potestatam
1214 818 1248 861 eu
1269 819 1335 862 een.

168 898 322 974 servandi,
337 895 451 969 tuendi,
466 900 499 955 et
510 889 689 970 exequendi,
703 909 738 952 aa
752 889 783 950 in
798 877 937 965 rebelles,
947 894 980 951 et
994 889 1208 956 Meloslateres
1222 896 1333 973 Stadii,

166 1008 198 1064 et
218 993 415 1060 Studeneium
439 990 641 1072 predictorum
662 987 937 1064 animadvertendi,
960 993 993 1049 et
1014 1009 1118 1068 penas,
1134 1012 1212 1071 quas
1226 994 1333 1056 invir-

167 1103 236 1159 tute
251 1089 449 1176 presencium,
471 1086 520 1150 vel
534 1085 627 1150 eaiarn
642 1085 809 1148 seeundum
825 1084 934 1165 Legae,
949 1090 981 1147 et
994 1085 1143 1163 Oariones,
1158 1109 1213 1152 eeu
1228 1082 1334 1154 Statu·

157 1194 200 1259 'ta
214 1195 358 1256 Loeernm
380 1188 555 1262 meruerint,
577 1184 719 1263 exigente
733 1185 866 1264 ipserum
880 1186 1081 1262 continnaoia,
1096 1188 1214 1251 ratione
1229 1193 1334 1270 previa
1405 1181 1407 1188 ¹

167 1289 350 1356 declarandi.
362 1286 447 1350 Nulli
461 1305 533 1364 erge
546 1285 667 1347 omnino
680 1279 833 1346 liomimnn
847 1282 939 1346 liceat
952 1284 1030 1348 liano
1045 1292 1149 1350 nostre
1162 1287 1335 1370 Irnperialis
1370 1305 1374 1314 ·

167 1387 342 1469 Mnjestatis
363 1385 512 1464 Paginam
532 1382 710 1462 infringere,
734 1381 782 1444 uel
803 1383 829 1444 ei
851 1383 961 1461 quevis
985 1403 1063 1447 ausu
1085 1389 1245 1449 temerarie
1265 1409 1355 1468 quov
1406 1411 1408 1416 ·
1432 1460 1434 1466 ἲ

43 1505 48 1518 ·
168 1486 330 1550 nrodellbet
348 1483 508 1546 contraire.
525 1481 569 1542 'Si
590 1482 661 1559 qnis
681 1487 782 1542 eutem
804 1482 991 1542 eontrarium
1022 1489 1179 1548 attentare
1200 1507 1335 1566 presum-

166 1587 252 1663 serit,
270 1581 513 1661 indignationem
543 1585 688 1655 nostram,
717 1583 749 1642 et
779 1598 887 1659 penam
919 1587 1042 1642 eentum
1064 1583 1237 1646 Marsorum
1267 1586 1334 1647 euri

168 1683 235 1764 puri
258 1680 360 1756 tocies,
380 1678 503 1758 queeies
516 1682 623 1739 eontra
638 1674 753 1738 foetum
770 1674 872 1754 suerit,
887 1695 929 1738 ee'
942 1679 1065 1740 neverit
1079 1681 1335 1745 irremissibiliter
1390 1724 1394 1732 -
1566 1745 1571 1752 ,

166 1781 369 1854 ineursnrnm,
390 1795 520 1856 querma
542 1773 736 1836 medietatem
762 1772 918 1854 Imperiali
942 1773 1060 1852 Eraria,
1083 1777 1150 1840 sivo
1172 1779 1269 1856 Pisae,
1290 1800 1335 1844 re·
1368 1819 1387 1843 ·.
1558 1783 1560 1790 ’

167 1879 279 1957 liquam
302 1895 373 1938 vere
387 1879 504 1956 portem
519 1871 662 1952 injuriam
679 1891 835 1952 passerem
850 1870 957 1934 usibus
970 1873 1162 1937 decernimus
1176 1877 1334 1958 applicari.
1454 1865 1457 1872 ’

246 1977 372 2054 Signum
394 1973 588 2036 Serenissimi
607 1972 771 2052 Principis,
796 1977 829 2033 et
848 1969 960 2032 donatiui
982 1972 1097 2034 deretini
1123 1974 1224 2037 Oareli
1253 1977 1335 2039 1111.

243 2173 353 2236 Testes
373 2171 466 2252 lmjne
496 2170 540 2233 rei
571 2175 654 2248 siunt,
676 2168 877 2232 Venerabiles
898 2170 1055 2233 Arnestns
1077 2171 1336 2255 Arelriepiseepus

107 2311 110 2316 ·
166 2273 340 2351 Prngensis,
356 2269 559 2333 Tiroerleriens
575 2269 754 2345 Mindensis,
770 2273 802 2330 et
817 2267 975 2332 labeones
989 2269 1199 2334 Blissinrensis
1213 2272 1336 2353 Episeo-

167 2391 233 2451 pne,
259 2389 314 2432 nee
340 2389 399 2430 non
421 2368 564 2431 Illustres
585 2367 699 2430 Patrue
721 2358 941 2444 'Borbenensia
970 2365 1124 2430 Corradus
1152 2369 1335 2445 Olsineosis,
1430 2415 1433 2424 .
1502 2373 1507 2402 ”
1573 2439 1576 2446 ⁴

166 2468 625 2549 llenriensMagnopolenensis,
646 2465 788 2529 Przirnko
807 2465 1168 2547 'lesselnnenslsDueem
1190 2469 1254 2534 Nee
1276 2490 1335 2544 nen
1445 2548 1448 2554 Ι
1493 2477 1495 2484 “
1599 2453 1603 2462 ’

167 2566 354 2649 Speetabiles
376 2566 577 2648 Ilurglmrdus
597 2566 791 2646 Burgravius
813 2560 1092 2646 Magdebnrgeneie
1106 2568 1257 2650 Magister
1278 2567 1336 2633 Ou-

166 2665 230 2729 riae
250 2665 431 2750 Imperialis,
445 2665 593 2730 Albertus
608 2666 645 2728 do
660 2665 787 2744 Analtlr,
802 2664 884 2728 Otlre
897 2666 936 2728 de
950 2666 1164 2750 Fustemberg,
1178 2668 1201 2732 J
1202 2670 1336 2734 ohannes

167 2766 206 2828 de
225 2766 314 2844 Rota,
333 2785 369 2828 ee
389 2765 527 2829 Pericles
547 2764 585 2827 de
606 2765 700 2828 Proto
721 2762 868 2842 Caeritem
889 2771 922 2827 et
943 2764 1070 2829 Nobiles
1092 2767 1278 2833 Willrolrnus
1298 2769 1336 2834 tle

167 2864 362 2942 Strolrewita,
383 2864 406 2927 J
406 2865 525 2944 edecus,
539 2871 572 2927 at
586 2863 710 2929 Ulriane
724 2863 850 2926 Fratres
864 2862 902 2926 (le
916 2863 1115 2946 Rosemberg.
1132 2867 1285 2930 Rolnll'ns
1298 2868 1336 2932 de

169 2965 302 3030 Wartlm
322 2963 439 3026 Sbinlro
453 2963 557 3044 Lepus
571 2961 609 3024 de
623 2960 825 3041 llaeemberg,
837 2966 870 3023 et
884 2961 1175 3027 Heske'Sreeretitz
1190 2965 1336 3046 Magistri

167 3065 293 3130 Camere
312 3069 417 3127 nostro
446 3060 629 3143 Imperialis,
649 3061 804 3124 Hearieus
836 3060 979 3124 Bavares
1008 3062 1047 3125 de
1074 3063 1202 3145 Bepdia,
1231 3072 1263 3128 et
1283 3065 1338 3141 olii,

166 3185 258 3244 quarn
280 3162 382 3246 plures
395 3161 448 3224 alii
469 3160 530 3224 ndo
549 3160 635 3240 digni
658 3159 846 3241 presencium
867 3159 960 3221 etiem
975 3160 1035 3223 sub
1056 3161 1224 3242 imperialis
1244 3163 1337 3227 Moie-

167 3263 262 3326 statis
281 3267 384 3325 eostre
403 3260 504 3342 sigillo
525 3258 696 3322 testimonie
715 3259 885 3322 literarum.
1000 3263 1005 3274 '

249 3361 365 3424 Datum
385 3359 486 3440 Prege
506 3359 597 3420 Aonie
627 3355 748 3421 Deuuini
770 3357 929 3420 millesime
955 3359 1168 3423 trecentesimo
1189 3361 1337 3442 quinqua·
1394 3353 1400 3361 ’
1442 3416 1446 3425 ,
1534 3385 1538 3393 ·
1610 3367 1613 3374 ’

168 3449 284 3541 geenne
312 3457 450 3543 sepitime.
480 3458 653 3522 Indictione
683 3457 748 3538 xvij
769 3455 928 3520 Kalendes
949 3457 1140 3540 Septembris
1161 3461 1337 3542 Regnorum

54 3609 56 3613 .
168 3567 338 3624 nestrorum
353 3560 444 3622 Anno
463 3555 591 3621 &mani
605 3555 780 3620 duedeeimo
794 3554 937 3620 Bobemie
952 3556 1249 3647 undeeimolmperii
1265 3579 1338 3625 vere
1444 3596 1446 3602 ·

105 3682 108 3690 ·
169 3657 285 3723 Tertio.
392 3664 395 3670 '
502 3655 507 3668 '
1105 3649 1109 3657 ’

674 3783 677 3789 ’
802 3791 971 3892 Nreeunus
990 3792 1249 3866 aronensem„
1347 3779 1351 3792 '
1450 3777 1455 3797 '

129 3961 135 3971 '
238 3963 288 4040 (n.
306 3963 449 4025 Arelilrie
466 3963 495 4023 dl
514 3965 601 4024 State
618 3965 648 4024 ie
667 3963 765 4024 illene.
785 3963 983 4044 Diprlearatioe
999 3966 1043 4026 ael
1059 3967 1195 4064 orrrnnn).

532 4332 588 4350 ιιι·
603 4331 981 4348 “annnam-nonnum«-
1013 4325 1016 4332 ¹
