3508 4972
57 1965 65 1978 .
158 1917 181 1981 r.
201 1919 264 2000 eo).

669 127 857 230 -154

159 347 253 408 super
273 325 355 387 facto
375 322 516 401 magistri
538 319 691 396 Gnidocti,
713 317 889 395 dicitquod
916 316 1113 396 providentur
1134 318 1164 378 in
1188 333 1255 379 xxv
1277 317 1330 378 lib.
1403 395 1405 398 ι

159 432 191 486 et
205 425 237 486 in
251 421 385 502 hospitio
397 425 430 481 et
444 437 508 479 xxv
529 417 581 478 lib.
594 415 756 477 solvuntur
770 415 798 476 oi
813 414 977 476 secuudum
999 413 1101 491 Curio,
1118 415 1331 493 provisionem.
1424 449 1425 452 =

243 521 345 598 Rigus
364 515 480 578 domini
495 513 622 575 Runcrii
642 498 845 574 consuluiset
855 511 937 572 dixit
950 511 980 572 id
996 511 1076 589 quod
1097 512 1237 574 dominus
1253 510 1333 575 Grii·
1370 505 1372 510 ’
1405 525 1410 574 ζ

162 617 241 680 folus
281 660 290 679 .
328 630 339 676 ¹.
381 659 390 675 .
431 657 440 676 .
482 656 491 674 .
527 626 544 675 ·.
586 655 594 672 .
636 654 645 670 .
687 609 725 672 de
745 609 918 690 provisione
939 608 1097 685 magistris
1118 608 1272 672 Guidoeti.

238 713 407 775 Concordia
427 710 550 772 consilii
571 714 620 771 est
641 709 672 768 iu
693 707 775 769 dicto
795 707 907 768 domini
930 704 1051 768 Grifioli
1073 707 1191 770 iudicis.

310 893 323 942 Ι,
352 863 388 916 (In
404 875 436 906 un
451 861 556 918 logllotto
569 859 747 910 membranaceo.
762 860 835 911 unito,
849 860 870 902 sl
884 862 951 903 troru
964 863 1052 913 qnnnto
1065 859 1143 914 segne)

240 1004 317 1067 Cum
339 1004 462 1084 plurimi
482 1004 521 1064 de
542 1001 679 1064 Ciuitate
693 1001 763 1064 Seu.
784 1007 848 1063 tom
863 999 1012 1062 domicelli
1034 1021 1126 1080 quom
1149 999 1328 1064 tabelliones

158 1109 191 1164 ot
211 1102 264 1163 elii
285 1103 413 1162 iuvenes
432 1099 610 1161 desiderent
629 1099 754 1160 odorere
775 1097 959 1159 secutiarnm
980 1095 1192 1176 ioeultutibus,
1215 1098 1269 1159 olii
1289 1097 1328 1159 si·

157 1199 231 1261 lieet
249 1199 426 1278 grnmntice,
447 1196 501 1257 ulii
531 1196 676 1258 rectorico
695 1201 727 1257 ot
748 1195 992 1276 perorationibus
1021 1195 1090 1258 sive
1121 1197 1264 1276 erengis3
1295 1203 1327 1258 et

158 1295 305 1378 predictis
325 1294 466 1357 omnibus
486 1293 646 1356 edocendis
667 1291 764 1354 iroter
784 1291 954 1355 Gnidoctus
976 1292 1177 1357 Bononiensis
1199 1294 1328 1376 reperis·
1370 1349 1372 1356 .

159 1400 210 1456 tur
227 1391 381 1455 errfficens.
396 1391 494 1454 Vobis
507 1391 628 1453 domino
648 1391 796 1475 potestati
810 1397 843 1452 et
856 1389 980 1452 consilio
996 1390 1064 1454 Seu.
1079 1391 1209 1471 predicti
1225 1411 1328 1453 omnes

84 1474 88 1479 ’
156 1491 276 1553 ettente
286 1490 472 1572 supplicent,
485 1509 539 1570 pro
551 1488 692 1551 civitatis
703 1487 1032 1567 honoribusquntenus
1042 1488 1139 1552 eidem
1153 1488 1245 1552 frctri
1256 1487 1327 1552 Gui·
1376 1519 1382 1528 ·
1401 1515 1414 1524 ·

154 1591 245 1652 docto
264 1587 386 1651 fecistis
406 1579 541 1651 ordinnri
563 1586 685 1667 aliquod
707 1586 852 1650 solarium
877 1593 1051 1666 competens
1071 1587 1252 1651 solvendum
1274 1607 1326 1668 per
1349 1635 1351 1640 .

138 1749 143 1759 ,
156 1707 289 1750 mensem
304 1687 355 1751 vel
368 1687 428 1749 olio
440 1687 536 1765 modo,
552 1705 711 1765 quousque
725 1687 757 1748 in
772 1686 900 1750 civitate
907 1685 984 1748 'Sem
997 1687 1121 1749 steterit
1134 1694 1166 1750 et
1179 1687 1326 1750 docuerit.

236 1821 288 1903 (R.
309 1820 457 1883 Arcirivio
475 1821 508 1883 di
529 1793 618 1882 Stuto
638 1820 672 1882 in
693 1818 793 1883 Sieno.
827 1817 982 1908 Consiglio
1003 1819 1164 1898 eunomio,
1186 1819 1254 1883 l’ol.
1277 1821 1326 1897 22,

616 2302 901 2377 v

112 2549 119 2557 .
217 2483 496 2557 Deliberozionc
530 2462 586 2555 dol
622 2471 791 2573 Consiqlio
819 2480 983 2575 peperolo
1016 2483 1071 2558 del
1109 2483 1256 2557 Comme
1285 2479 1322 2551 di
1355 2473 1358 2480 ’

57 2601 60 2607 ’
158 2598 264 2672 dicore
282 2622 352 2692 per
377 2600 587 2673 riolrinmore
611 2598 722 2672 lettori
750 2598 835 2672 nollo
861 2599 991 2674 Studio.

359 2751 398 2812 In
419 2750 480 2813 Die
500 2750 657 2830 Mercurij‚
679 2751 746 2831 viiij
769 2750 884 2813 mensis
904 2749 979 2831 Mnij
1001 2750 1124 2834 (1285).
1145 2772 1146 2775 ’

234 2884 272 2945 In
294 2885 414 2944 nomine
435 2882 569 2961 Domini,
590 2903 687 2945 omen.
709 2883 837 2945 Factum
853 2884 1325 2962 estgeneruleoonsiliumeom-
1388 2934 1390 2939 .
1443 2905 1445 2908 ·

154 3001 233 3060 pono
253 2979 399 3044 comunis
420 2980 491 3042 Seu.
512 2989 543 3042 et
564 2981 709 3042 odiuncte
728 2981 806 3042 dicti
826 2981 944 3042 consilii
965 2980 997 3041 xl
1025 3001 1078 3061 por
1100 2983 1272 3058 tersorium,
1294 2982 1325 3042 in

93 3077 1169 3158 1palariocomunissmzadsonummmpmeetperbannum
1197 3079 1323 3142 missum
1379 3099 1381 3104 ·
1495 3069 1497 3075 ¹
1567 3073 1579 3092 '¹
1682 3083 1686 3090 '

153 3175 276 3256 publice
297 3196 351 3257 per
370 3177 529 3254 civitatem
552 3176 632 3254 Sem,
654 3184 690 3238 ut
712 3176 803 3252 moris
823 3181 881 3253 est,
902 3183 1122 3256 congregatum
1144 3197 1162 3239 n
1184 3177 1276 3239 nobili
1292 3187 1324 3239 et

68 3301 88 3357 g
152 3274 300 3354 prudenti
322 3275 389 3337 viro
409 3275 531 3337 domino
544 3274 716 3336 Benincnsn
737 3274 775 3336 de
794 3274 901 3336 Arotio
921 3274 1043 3345 doctore
1063 3274 1166 3354 logum
1188 3281 1221 3338 ot
1244 3295 1325 3338 nunc

155 3373 270 3464 sicario
289 3375 445 3453 magnifici
464 3381 497 3438 et
518 3375 656 3436 illustris
670 3375 730 3436 viri
743 3374 856 3436 domini
871 3373 1021 3437 Guidonis
1035 3375 1073 3438 de
1088 3373 1251 3438 Bettiiollo
1267 3375 1324 3438 Dei
1397 3451 1400 3460 Ι
1433 3375 1448 3434 .’
1475 3356 1479 3368 ’
1504 3413 1525 3462 Ι·

59 3481 60 3484 ’
150 3474 256 3552 gratis
276 3473 309 3534 iu
329 3473 444 3535 Tuscis
464 3473 586 3536 comitis
606 3472 735 3553 pelotini
758 3482 790 3535 et
810 3491 891 3535 nunc
913 3471 1018 3535 endem
1039 3475 1142 3552 grutiu
1164 3474 1326 3556 Sempote·
1362 3483 1388 3495 ”
1460 3527 1462 3534 .

77 3645 80 3649 ⁴
151 3570 256 3650 stetis,
271 3569 354 3632 locta
374 3571 463 3651 prius
481 3571 520 3633 de
540 3569 750 3650 infrascriptis
771 3571 913 3651 imposito
934 3570 972 3633 de
992 3574 1147 3634 coscentio
1167 3572 1325 3634 cnnrernrii

74 3681 77 3686 ’
152 3676 186 3732 et
196 3668 241 3750 iiij
252 3670 444 3750 provisorum
455 3669 602 3733 (temonis
616 3667 686 3732 Sen:
697 3670 864 3732 secundum
874 3668 1001 3732 formum
1011 3675 1200 3733 etntutorum
1211 3671 1281 3733 Son:
1293 3673 1330 3762 in
1367 3671 1369 3674 ’

152 3786 214 3846 qno
226 3768 352 3847 quidem
365 3767 492 3830 consilio
512 3768 670 3850 proposuit
683 3774 716 3828 et
729 3767 888 3830 eonsilium
909 3769 1000 3848 petiit
1013 3768 1095 3831 idem
1107 3768 1249 3831 dominus
1270 3769 1326 3832 Be·

31 3850 35 3858 ’
77 3933 80 3937 ,
148 3864 288 3942 nincnsn,
302 3866 463 3944 quodcum
483 3865 562 3927 olins
575 3863 742 3927 secundum
758 3862 882 3926 formem
896 3870 1086 3928 statutorum
1101 3864 1197 3929 fuerit
1210 3864 1324 3929 fuctum
1417 3864 1422 3940 J

150 3963 310 4026 consilium
330 3964 475 4044 generale
494 3983 589 4045 super
602 3962 685 4026 fecto
698 3963 817 4025 illorum
830 3963 884 4042 qui
898 3965 1042 4027 venerint
1055 3965 1105 4029 vel
1119 3965 1324 4029 veneruntad
1349 4023 1352 4028 .

116 4080 118 4084 ·
148 4061 309 4124 oiritutem
330 4061 411 4126 Son:
442 4061 482 4123 ud
503 4061 670 4124 docendum
691 4062 724 4122 in
745 4059 849 4140 eliqua
870 4059 1020 4134 facultate
1049 4063 1098 4126 vel
1120 4064 1251 4127 scientio
1273 4063 1321 4127 rel
1375 4153 1376 4158 γ

37 4187 40 4193 ·
104 4197 107 4258 ζ
148 4159 280 4223 alieuius
300 4160 459 4240 quiesset
479 4160 599 4241 peritus
612 4159 748 4223 medicus
761 4159 816 4239 qui
831 4159 927 4222 vellet
939 4159 972 4222 in
986 4160 1118 4224 'civitate
1130 4162 1215 4225 ‚Seur
1238 4181 1323 4225 suum
