3508 4972
455 167 460 178 ·
647 139 850 224 g-tt-
1009 177 1010 180 =
1284 191 1286 198 .
1383 167 1468 185 w*

160 317 240 376 stica
263 310 339 370 tella
364 304 413 365 via
434 302 455 364 l'
469 298 654 383 apellatione
676 317 735 358 non
756 295 900 357 obstante
921 314 955 356 se
976 293 1078 374 nleanj
1101 289 1195 373 supra
1216 297 1245 357 lo
1265 317 1339 357 eniri·
1412 374 1415 380 Ι

158 407 298 486 anissionj
324 403 380 466 olio
411 400 505 462 allero
536 396 656 459 iussero
682 395 762 456 lacte
787 393 818 454 di
848 392 950 471 questi
980 395 1041 454 eosl
1064 391 1137 454 laeti
1169 393 1286 474 spadali
1307 393 1338 455 in

129 528 131 531 ·
157 507 260 588 «puello
284 481 364 583 parti
385 497 508 579 spetiali
531 514 622 558 orere
642 491 780 572 generali
794 490 863 553 dola
876 489 962 552 seclia
983 488 1147 570 sapientalioa
1169 510 1259 553 onero
1273 491 1339 553 snei

158 601 256 682 legati
276 617 421 662 avessere
447 595 623 675 impetrate
640 591 753 654 laetare
781 588 916 652 otiandie
937 607 970 651 se
993 608 1046 668 per
1075 609 1142 650 esse
1170 589 1209 649 atl
1232 590 1339 652 inlrilai·

158 704 242 766 tione
262 697 473 761 reservatione
493 699 526 755 ot
546 692 670 753 decreto
689 710 780 752 evoro
802 708 855 769 per
868 687 1046 766 qnalanrqno
1060 688 1139 749 altre
1153 688 1239 750 inodo
1253 690 1277 752 si
1293 689 1339 752 sia

159 797 333 883 procednto.
356 795 401 855 Ire
420 790 505 872 quali
536 795 726 853 oortainento
755 788 866 850 laetare
887 793 919 848 ot
941 786 1072 867 processi
1092 787 1157 850 eosl
1180 788 1268 849 avanti
1291 789 1337 850 nel

40 950 45 956 .
158 906 285 980 passate
304 889 535 956 oonteetiandie
557 908 611 969 per
631 887 778 950 l’avonire
800 905 854 967 per
866 884 930 948 lero
943 903 1102 948 saressere
1117 890 1149 948 et
1162 885 1337 966 qnalnnqao
1368 923 1371 928 ,

157 1017 227 1062 oasa
250 994 336 1055 faisse
357 991 429 1052 inde
449 986 574 1067 segulla
600 993 633 1050 et
655 985 821 1067 prooodatn
852 1005 871 1046 a
898 983 1033 1065 predooti
1064 984 1183 1066 spedali
1212 985 1339 1048 veliarno
1416 1040 1418 1043 .
1498 1039 1500 1044 ,
1607 993 1609 1000 “

158 1095 215 1159 clia
236 1112 295 1155 non
317 1090 344 1152 si
366 1088 528 1152 stendano.
544 1085 597 1148 itia
618 1085 674 1147 aha
690 1105 743 1166 per
763 1088 873 1164 questo
893 1083 987 1146 allero
1007 1090 1125 1163 quanto
1145 1084 1205 1147 alla
1226 1091 1338 1146 eastra·

160 1195 242 1256 tione
262 1190 344 1268 ‹logl'
355 1187 429 1250 altri
443 1185 568 1268 ,speclali
590 1186 699 1247 alcinno
719 1183 908 1265 pregindioio
921 1181 949 1246 si
963 1184 1068 1262 generi
1090 1183 1170 1246 tneti
1186 1183 1337 1266 privilegij

159 1289 356 1368 indulgentie
376 1292 408 1349 et
422 1285 513 1348 litere
533 1283 699 1364 apostoliea
719 1282 856 1364 garrerali
876 1301 967 1344 overe
980 1280 1104 1363 spetiali
1119 1283 1149 1343 di
1164 1282 1340 1362 qnalnnque
1377 1277 1379 1282 ’
1426 1315 1429 1322 v

161 1397 265 1451 tenore
286 1386 372 1447 siene
395 1404 448 1464 por
468 1383 497 1445 le
517 1381 601 1461 quali
625 1401 680 1462 per
693 1381 723 1444 le
738 1379 875 1462 presenti
889 1400 948 1442 non
963 1400 1107 1462 expresse
1120 1401 1241 1444 overoa
1257 1388 1340 1443 tneto
1454 1391 1457 1396 '

160 1508 220 1549 non
240 1485 294 1563 qni
315 1482 432 1563 scripte
452 1481 482 1542 lo
503 1479 612 1543 effoeto
632 1479 695 1541 loro
717 1500 805 1560 possa
826 1498 927 1541 essere
949 1479 1070 1560 spadito
1090 1500 1144 1562 per
1164 1480 1339 1559 qualnnquo
1419 1527 1420 1532 1

93 1625 97 1633 ·
142 1584 248 1647 *niodo
267 1601 358 1650 onero
389 1579 554 1659 iradngiato
575 1583 608 1642 et
629 1579 668 1640 de
692 1579 720 1640 lo
741 1572 827 1658 quali
847 1576 880 1639 di
903 1577 981 1640 tneti
1003 1599 1019 1641 o
1041 1577 1138 1640 teneri
1160 1579 1186 1640 si
1214 1579 1340 1641 dei-esse

160 1683 228 1746 nelo
241 1681 330 1744 <leon
351 1679 462 1742 lettere
485 1677 551 1740 sare
573 1678 729 1740 mentione
744 1677 874 1758 spatiolo
888 1697 979 1740 evoro
993 1697 1025 1740 so
1040 1678 1079 1739 acl
1094 1677 1201 1740 alonna
1217 1698 1339 1759 petrono

157 1784 388 1846 ooninnernento
408 1798 500 1841 overe
520 1778 731 1840 divisanrente
752 1777 792 1838 da
803 1777 833 1839 la
847 1775 936 1839 (loeta
948 1776 1033 1840 seclia
1048 1777 1095 1839 sia
1109 1778 1274 1841 eorreeilnto
1285 1778 1341 1840 elie

158 1880 310 1943 intordire
329 1877 538 1959 suspendorre
570 1896 662 1940 oraro
688 1875 917 1939 exeonrnnioare
944 1896 1003 1938 nen
1026 1877 1052 1938 si
1073 1897 1203 1958 possano
1229 1897 1281 1957 por
1300 1877 1339 1939 lo·

161 1976 434 2058 tero'apostoliolra
455 1997 515 2038 non
537 1976 667 2038 iacendo
689 1976 777 2056 piena
798 1981 830 2038 et
857 1995 1002 2057 expressa
1023 1983 1055 2038 et
1075 1976 1106 2037 di
1128 1977 1231 2057 pnrola
1252 1997 1269 2038 a
1292 1997 1340 2056 pa·

159 2078 224 2140 rola
246 2076 399 2138 inentiene
423 2075 456 2136 di
477 2080 588 2154 questa
610 2074 804 2138 concessione
825 2082 856 2137 et
878 2073 966 2136 bolla.
999 2073 1060 2136 Nei
1081 2081 1268 2137 certarnente
1288 2074 1340 2136 irn-

159 2175 260 2236 ‹lrnno
291 2173 345 2234 lla
375 2174 427 2252 pin
450 2178 640 2235 rottarnonte
663 2172 717 2234 llin
738 2172 768 2234 d’
783 2192 887 2234 aneo...
916 2172 1112 2235 deliberianre
1132 2192 1232 2236 essere
1252 2173 1340 2236 irrito

108 2281 110 2284 '
159 2280 192 2336 et
224 2276 318 2334 rarao'
333 2293 367 2334 se
390 2271 561 2334 altrimenti
590 2291 681 2352 sopra
706 2277 818 2350 questo
847 2291 918 2359 cose*
946 2271 986 2334 da
1011 2270 1187 2351 qnannnque
1212 2291 1339 2353 persona

161 2393 216 2453 per
228 2371 407 2452 qualanqne
427 2373 565 2432 antoritlt
586 2371 809 2434 soientenrento
824 2390 914 2434 overe
929 2370 1194 2451 ignorantenrente
1213 2375 1281 2434 saria
1295 2377 1339 2433 at·

160 2476 282 2533 tentato
306 2476 339 2533 et
370 2469 461 2534 saeta.
494 2470 548 2532 lla
574 2468 706 2532 volianro
731 2470 787 2534 elie
808 2492 841 2533 sa
862 2472 922 2532 lnal
951 2491 1004 2550 por
1030 2470 1124 2532 niuno
1150 2475 1251 2552 tarnpo
1270 2491 1339 2550 qne
1405 2548 1407 2552 ι

159 2575 210 2631 ete
229 2569 333 2630 striciio
353 2589 392 2632 no
416 2567 446 2631 la
466 2567 557 2630 doota
578 2566 660 2631 Oasa
682 2588 742 2632 non
764 2569 794 2631 si
813 2574 935 2631 tenesse
949 2567 1044 2630 allora
1072 2571 1100 2631 e'
1114 2567 1204 2631 innoti
1222 2568 1340 2632 randito

158 2670 192 2728 et
212 2667 352 2747 preventi
378 2666 418 2728 da
439 2666 469 2728 la
490 2666 580 2728 deota
605 2665 686 2729 Casa
708 2673 740 2730 et
760 2659 901 2730 de'doeti
923 2665 1068 2747 hospitali
1091 2687 1107 2730 e
1128 2666 1213 2747 «preli
1236 2687 1287 2748 por
1309 2674 1339 2730 ta
1403 2697 1405 2700 ·

158 2788 178 2827 a
192 2765 222 2826 le
242 2766 332 2828 decta
351 2787 423 2828 oasa
444 2785 578 2828 seranna
599 2767 680 2828 uniti
703 2767 736 2828 in
757 2767 919 2830 elemosina
939 2767 977 2828 (le
998 2755 1160 2848 povorjpet
1174 2766 1253 2829 altre
1272 2767 1337 2848 ope'·
1359 2755 1377 2841 ,¹

59 2900 61 2904 ·
156 2863 268 2943 ratlenj
290 2864 323 2926 di
344 2865 429 2944 piete
450 2884 489 2925 ne
510 2864 592 2926 (loeti
615 2864 697 2925 aniti
718 2864 838 2944 speclali
863 2871 895 2927 et
915 2883 987 2926 oasa
1009 2865 1152 2944 predeeta
1176 2885 1258 2928 coare
1279 2868 1339 2947 pri·

157 2983 206 3022 rna
227 2962 408 3024 atileraente
427 2971 461 3024 et
481 2962 720 3024 sollieitamente
744 2963 771 3025 si
792 2970 988 3026 eonvertano.
1012 2963 1094 3025 Date
1114 2964 1249 3026 aLneen
1272 2964 1337 3026 nelo

156 3081 233 3141 aene
253 3061 286 3123 di
307 3061 429 3140 maggio
453 3061 517 3123 oioil
531 3082 549 3123 a
562 3062 596 3123 dl
616 3070 704 3142 septe
724 3060 772 3124 del
790 3081 877 3124 ¹mose
896 3060 929 3123 di
952 3063 1073 3141 maggio
1087 3063 1240 3143 prodacto.
1264 3063 1335 3126 Nol·

154 3157 266 3221 l'anne
286 3159 417 3222 seeoado
437 3158 488 3225 del
510 3158 690 3240 pontificato
710 3164 743 3222 et
764 3165 876 3242 papate
898 3165 1011 3222 nestro.

725 3313 779 3396 θ’*
831 3351 833 3355 ”
898 3394 900 3398 .

235 3448 385 3528 Gregorio
414 3467 542 3510 vesoevo
570 3467 661 3510 servo
680 3448 729 3510 de'
750 3449 833 3511 servi
854 3450 886 3510 di
908 3447 975 3510 Dio.
998 3451 1026 3511 Α
1050 3453 1126 3513 tneti
1149 3471 1165 3514 a
1192 3450 1280 3512 fedeli
1305 3451 1336 3512 di
1417 3477 1421 3520 n
1449 3482 1452 3494 ·
1549 3525 1552 3537 Ι

155 3544 258 3608 Cristo
277 3565 294 3608 o
313 3545 400 3624 quali
422 3545 741 3624 ragguardarannolo
764 3547 1032 3628 presentilettero
1054 3549 1202 3612 salutent
1223 3558 1338 3630 aposto
1422 3620 1424 3622 ,
1510 3533 1565 3574 '3‘
1654 3538 1712 3577 ”³

153 3644 210 3707 lion
232 3643 457 3706 benedictione.
475 3644 503 3704 A
518 3642 752 3706 eorrsorvatieae
770 3644 808 3706 do
825 3644 928 3726 lneglri
953 3666 1007 3728 per
1028 3647 1051 3708 li
1071 3647 1156 3728 qnali
1177 3647 1238 3708 allo
1256 3655 1339 3710 atate
1391 3703 1408 3730 .·
1435 3702 1469 3734 a·
1491 3639 1535 3727 J,

154 3745 192 3806 do
215 3742 245 3806 le
266 3762 394 3824 persono
408 3741 667 3805 salatovolmonte
687 3743 715 3804 si
736 3745 871 3824 provede
893 3765 1021 3825 porgere
1043 3747 1071 3807 le
1092 3746 1174 3808 mani
1195 3745 1338 3808 adiutrioi
1405 3727 1433 3795 ',
1597 3734 1601 3741 ’

155 3842 270 3922 piotosa
283 3861 354 3904 oasa
367 3847 401 3902 ot
413 3839 572 3912 meritoria
592 3840 759 3922 ripntiarne
780 3862 904 3922 apresse
923 3843 956 3904 di
969 3842 1037 3905 Dio.
1056 3843 1100 3905 Et
1122 3849 1263 3925 pertento
1288 3862 1338 3904 ro·
1384 3848 1429 3926 't-

61 3975 63 3978 ·
153 3942 274 4005 laetiori
294 3953 313 4004 a¹
334 3940 427 4004 fedeli
449 3942 483 4003 di
501 3939 609 4004 Oriete
629 3942 817 4004 a'dareasi
841 3941 916 4004 faeti
937 3941 1042 4021 lnoglii
1063 3951 1234 4023 opportune
1252 3942 1337 4004 ainto
1418 3949 1420 3953 '
1480 3943 1486 3956 '
1528 3937 1531 3942 “
1581 3991 1585 3998 .

155 4061 209 4122 per
229 4049 334 4103 nostre
354 4039 468 4102 leotare
484 4034 588 4102 <liano
597 4040 743 4118 conserto,
753 4047 785 4103 et
799 4040 982 4103 indneiarne.
1004 4041 1048 4104 Et
1062 4041 1144 4105 aeolo
1163 4041 1219 4103 else
1233 4061 1250 4102 a
1265 4061 1336 4120 qao·

157 4147 204 4202 ote
218 4144 306 4202 tanto
321 4136 373 4217 pin
390 4136 575 4201 lortomento
586 4138 673 4202 aione
686 4138 849 4202 inanimati
869 4141 994 4222 quante·
1006 4139 1059 4222 pila
1075 4159 1129 4222 per
1142 4147 1335 4238 questo-spe·
