3508 4972
7 95 1739 163 ww

292 183 295 190 “
805 212 981 277 -rr-
1404 171 1412 186 ’
1519 235 1522 241 ·

248 349 252 359 ’
315 370 424 445 probus
446 368 594 448 professor
607 372 640 429 ct
654 367 800 443 uraugistcr
821 365 852 425 in
874 366 970 441 logica
992 373 1024 427 ot
1045 372 1166 443 natura,
1189 367 1264 428 velit
1285 370 1355 430 Son.
1374 371 1477 432 venire

237 453 239 457 ¹
310 481 339 526 er
362 469 391 526 iu
413 467 541 528 ‹riritatc
563 467 632 527 Son.
659 465 765 526 docere
786 469 819 525 et
839 482 944 540 rogere
966 462 997 524 in
1020 462 1160 525 scientiis
1179 464 1375 544 supradictis,
1398 459 1479 529 surreie

309 564 393 624 eires
414 565 586 626 etiirieutur
607 557 760 643 probiores
780 567 813 623 ot
834 560 958 623 elimato
972 561 1107 623 forenses
1131 561 1255 623 verricnt
1268 563 1306 623 nd
1318 563 1477 627 civitatem

312 670 344 723 ut
364 663 513 724 ‹toruior-es
535 663 611 723 liant
631 667 664 723 ot
684 658 894 740 sapientiores,
909 657 989 738 qrrod
1006 656 1061 719 iiat
1075 657 1217 738 imposita
1239 659 1407 722 incensilio
1427 683 1478 740 ge·

309 761 413 835 aerati,
436 761 514 837 quem
529 759 611 821 dicto
625 757 774 836 magistro
793 756 825 818 in
840 756 942 835 aliquo
955 754 994 818 (io
1008 755 1136 837 pecunia
1156 757 1293 820 oerrrrmis
1307 760 1475 838 annuatim,

307 858 401 917 (torrae
421 857 545 919 steterit
564 858 596 918 in
617 855 746 918 civitate
760 854 841 930 Sem,
852 853 964 916 debeat
981 853 1145 935 provideri,
1160 859 1197 915 nt
1211 873 1356 916 senenses
1368 856 1408 917 de
1420 876 1478 918 sua

308 957 437 1018 scientia
456 956 659 1019 informentur
680 953 816 1019 moribus
836 961 868 1016 ot
888 954 1040 1016 doctrina,

271 1173 273 1177 ,
389 1107 441 1188 (n.
463 1105 610 1168 Ambivio
629 1105 661 1166 di
682 1103 772 1166 State
792 1102 824 1165 in
846 1104 947 1167 Sioua.
970 1102 1126 1184 Oensiglio
1145 1103 1305 1166 Generaie.
1320 1103 1477 1167 Delibera·

293 1195 384 1264 'cieret
407 1202 474 1264 vol.
497 1205 548 1280 22,
569 1202 590 1263 t.
612 1203 675 1282 29).
1437 1214 1441 1222 ·

822 1606 826 1614 '
859 1606 917 1668 1v.

340 1891 343 1898 Ι
383 1801 486 1874 filtro
512 1801 760 1876 deliboraeiouc
785 1800 896 1875 similo
909 1823 978 1894 por
994 1799 1171 1874 rbiumme
1193 1801 1286 1891 fruto
1313 1801 1473 1876 Greidetto

309 1919 354 1989 ctu
380 1919 530 2008 Itetopue
565 1917 681 1993 lettere
704 1917 742 1991 rii
762 1918 989 2009 prmuumtioo
1015 1940 1033 1990 e
1057 1917 1226 2010 rottorira,
1253 1918 1339 1992 aretio
1362 1918 1472 1992 strutio

310 2056 434 2106 seneen

587 2183 646 2244 Dio
666 2181 800 2261 sabbati,
821 2182 854 2260 iij
876 2182 1059 2262 septembris
1079 2181 1195 2265 (1278).

386 2316 424 2377 In
446 2316 565 2378 nomino
587 2316 718 2393 Domini,
740 2335 838 2378 nmen.

386 2414 512 2476 Factum
533 2419 581 2476 cst
601 2415 743 2493 generato
763 2414 920 2476 consilium
943 2415 1079 2476 comunis
1094 2413 1164 2475 Son.
1179 2433 1247 2474 cum
1270 2414 1416 2475 adiuncta
1430 2433 1476 2474 ea·

307 2515 494 2591 pitaucerum
509 2513 607 2592 partis
619 2519 651 2574 et
665 2533 766 2575 eornm
782 2514 910 2589 consilii,
923 2513 1056 2593 priorum
1072 2512 1168 2574 xxxvi
1183 2517 1215 2574 ot
1229 2514 1363 2592 ipsorum
1378 2512 1474 2572 xxxvi

242 2617 244 2622 ’
305 2619 336 2670 et
356 2631 456 2672 cerum
473 2611 591 2673 consilii
605 2611 643 2672 rio
657 2611 689 2671 xl
705 2610 897 2690 sapientibus
919 2610 995 2672 viris
1010 2629 1064 2689 por
1081 2609 1252 2686 bernerium,
1265 2618 1297 2672 et
1317 2611 1474 2672 consutum

304 2713 502 2769 mercatorum
524 2716 556 2768 et
576 2727 678 2770 eorum
698 2707 817 2770 consilii
848 2708 880 2768 in
912 2707 1027 2788 palatio
1054 2705 1185 2779 tiliorum
1206 2707 1417 2769 Talomoorum
1438 2707 1476 2769 dc

306 2805 420 2879 Platea,
444 2805 542 2884 posito
567 2804 599 2864 in
622 2803 816 2882 G·algaria,o
847 2804 943 2866 nobiti
964 2804 1032 2865 viro
1060 2803 1184 2865 domino
1206 2805 1332 2866 bintbee
1361 2804 1474 2866 domini

304 2903 455 2964 Manneiis
475 2903 513 2966 de
535 2903 648 2964 Mediis
670 2902 730 2965 Dei
751 2910 783 2966 ot
813 2903 899 2981 regie
920 2905 1023 2982 gratia
1045 2909 1198 2982 potestate
1220 2925 1284 2966 sen.
1306 2906 1344 2980 ad
1366 2924 1476 2966 sonum
1525 2935 1543 2950 ν

302 3017 447 3079 campane
467 3008 499 3061 et
520 3020 573 3080 por
595 2999 728 3061 bannum
751 3000 879 3062 missum
900 3007 936 3062 ut
957 3000 1050 3062 ureris
1070 3007 1139 3071 cst-3
1163 2999 1244 3062 sacta
1265 3001 1352 3081 prius
1373 3002 1412 3062 do
1433 3003 1476 3063 in·

205 3138 208 3144 -
305 3095 474 3176 t'rascriptis
495 3098 637 3176 imposita
657 3097 695 3159 do
715 3098 891 3160 consecutio
911 3098 1072 3160 caumrarii
1098 3107 1130 3159 ct
1151 3099 1195 3176 iiij
1221 3099 1410 3177 provisorum
1432 3117 1476 3159 co

304 3195 403 3255 munis
417 3193 486 3255 Seu.
508 3194 589 3275 apum
611 3194 759 3274 palatium
780 3195 1014 3276 supradictum:
1038 3194 1070 3256 in
1091 3214 1152 3274 (pue
1174 3195 1333 3275 preposuit
1353 3203 1386 3258 et
1406 3215 1474 3258 oen·

303 3291 404 3351 uilium
427 3292 526 3371 potiit,
547 3292 659 3370 qnod...

382 3389 460 3450 Item
481 3409 549 3451 curn
570 3389 754 3454 audiveritis
775 3390 972 3470 pctictiouom
1004 3395 1175 3470 porrectam
1206 3397 1240 3452 ot
1271 3393 1303 3453 in
1338 3387 1472 3472 presenti

301 3487 426 3548 oonsilio
448 3487 565 3562 tectam,
588 3507 642 3568 pro
673 3494 762 3568 parto
782 3487 924 3568 aragistri
946 3487 1089 3552 Gnidocti
1115 3488 1154 3550 do
1174 3488 1321 3566 Bononia,
1341 3489 1476 3554 doctoris

301 3584 467 3658 gramatice
488 3583 650 3664 discipline
671 3593 703 3648 ot
723 3587 869 3648 rectorioe
889 3586 979 3648 artis.
1073 3645 1075 3650 ,
1446 3578 1450 3586 ’

380 3681 419 3743 In
440 3682 560 3754 nomino
581 3682 713 3761 Domini,
735 3702 834 3746 amen.

265 3801 271 3813 ·
379 3779 469 3841 Meus
490 3778 619 3842 Gucrini
652 3823 661 3841 .
702 3823 710 3840 .
742 3822 761 3842 ..
803 3768 822 3842 .’
855 3821 1422 3847 ............
1465 3805 1473 3846 ;

200 3937 204 3944 ,
300 3895 392 3956 super
414 3875 495 3940 facte
514 3877 660 3960 Magistri
681 3878 827 3941 Gnidocti
853 3879 1009 3942 corrouriuit
1028 3889 1061 3944 et
1080 3880 1163 3943 dixit
1182 3881 1263 3960 quod
1281 3881 1475 3956 ¹remittatur
1497 3903 1502 3912 ·

297 3972 329 4034 in
351 3971 555 4054 cumamque
577 3976 674 4056 possit
694 3975 723 4038 oi
744 3976 1061 4056 provideanteum
1075 3977 1268 4042 voluntatem
1288 3997 1387 4058 usqum
1407 3999 1472 4042 xxv

299 4069 352 4134 lib.
374 4078 406 4133 ct
428 4092 482 4153 pro
503 4072 646 4152 pensione
668 4073 794 4154 hospitii
815 4073 913 4152 usqum
933 4094 954 4136 x
974 4075 1029 4136 tib.

336 4211 340 4223 .
380 4165 529 4232 Dominus
549 4169 699 4234 Griiiolus
718 4171 812 4233 iudex
853 4213 1320 4237 ..........
1328 4183 1331 4191 “
1361 4218 1370 4237 .
1413 4216 1421 4237 .
