3508 4972
794 131 988 220 ..234

301 325 347 375 utu
372 317 438 376 nola
460 316 541 376 dictu
564 315 646 374 tlittir
670 313 822 404 rlrinruntn
845 313 1013 392 loSpudnle
1032 313 1101 374 dola
1124 315 1332 378 Misericordia
1347 340 1401 399 por
1417 341 1470 385 uso

254 417 256 421 '
299 422 329 479 nt
352 414 539 475 baliilatinnr
562 412 591 471 di
616 418 717 472 trenta
740 409 846 488 uolnj
870 411 993 470 dorenti
1017 410 1066 471 ino
1082 411 1185 473 virere
1207 419 1238 473 ct
1259 416 1398 478 etudiurn
1414 441 1468 481 con

297 515 428 576 auuritir
451 512 615 591 ululatu-u
641 532 691 590 pur
708 516 810 569 nostre
825 509 936 568 lectore
949 508 1067 568 arluino
1081 509 1260 571 constituito
1274 516 1306 573 ot
1321 513 1469 593 deputato

296 623 321 674 el
347 613 502 671 ordinante
524 609 575 670 llin
597 607 722 668 ‹l’alloru
735 627 803 668 enen
823 627 894 670 crisa
916 605 1026 668 dovere
1047 626 1146 668 essere
1161 606 1313 671 cbinrnatn
1338 611 1368 672 lu
1389 614 1469 677 Ousa

298 714 335 770 «le
357 711 383 768 lu
406 708 567 787 rapientia,
589 705 791 767 anennoeto
813 704 843 765 in
866 724 933 765 esso
954 704 1064 766 lectore
1086 703 1140 784 piu
1155 705 1347 784 pionnnronto
1361 711 1386 771 si
1403 733 1469 773 con·

299 812 396 882 tienc;
420 828 467 867 rna
494 805 718 867 coricioaiueosa'
741 803 796 865 cbe
817 801 943 865 sicondo
970 800 1025 865 clio
1048 802 1094 883 poi
1116 801 1150 863 su
1172 823 1189 864 n
1219 805 1266 866 noi
1290 814 1468 886 presentata
1503 805 1505 811 ’

295 906 439 986 petitione
460 924 513 984 per
534 911 620 984 parte
641 901 788 963 de’Priorl
811 900 1013 963 Gorernntori
1027 908 1059 962 et
1090 898 1239 981 (lapitano
1259 901 1292 962 di
1314 905 1417 983 popolo
1434 913 1466 985 ot

257 1012 260 1018 '
298 1002 427 1064 Ollieinli
451 1001 583 1082 producti
607 1007 779 1061 centenero
801 997 924 1070 ledeia
947 1017 1017 1060 casa
1038 1017 1119 1058 noun
1136 999 1154 1058 l
1169 1003 1257 1060 tanta
1278 999 1400 1062 renditu
1413 1001 1469 1064 elie

297 1102 340 1180 gli
363 1102 469 1164 scolari
499 1100 631 1182 predeeti
654 1099 681 1162 si
704 1118 832 1180 possano
859 1092 909 1158 iun
932 1116 985 1178 per
1004 1097 1113 1188 cleuno
1134 1097 1221 1158 inodo
1242 1104 1415 1182 eostuutnro
1435 1121 1468 1164 ee

297 1201 389 1263 nlloro
408 1200 519 1262 d'ultra
540 1206 627 1281 parte
655 1219 713 1260 uon
729 1198 755 1260 si
771 1198 882 1280 prorol
913 1217 952 1260 eo
974 1217 1026 1278 por
1047 1197 1467 1278 1uu·tode’PrioriGorernn·

300 1299 356 1378 torj
383 1305 415 1362 ot
436 1295 586 1379 Capitone
616 1297 647 1358 di
671 1286 776 1378 popolo
797 1302 825 1358 et
851 1295 981 1358 sbiieiali
1016 1295 1151 1376 prodenti
1173 1317 1190 1356 n
1212 1295 1258 1358 noi
1289 1294 1321 1356 su
1344 1296 1467 1359 luunilo·

297 1407 396 1459 ruente
417 1397 596 1483 supplicato,
619 1395 674 1456 olle
699 1393 918 1456 coneiouiacosn
939 1393 993 1455 elio
1015 1393 1082 1454 nolu
1104 1392 1189 1454 citu
1212 1391 1244 1453 di
1266 1391 1356 1454 Sioua
1377 1393 1467 1455 Grou-

203 1543 206 1550 .
297 1504 362 1557 neto
383 1503 415 1558 et
436 1495 538 1556 lllnssn
569 1499 601 1556 et
621 1493 693 1561 ,loro
714 1493 837 1573 dyocesi
859 1499 892 1554 et
912 1491 1029 1555 castelli
1052 1490 1126 1552 rille
1147 1495 1178 1552 et
1206 1498 1285 1553 terro
1308 1491 1374 1553 alu
1391 1491 1466 1570 juri·

297 1594 445 1656 edictione
466 1595 586 1674 potestat
607 1598 639 1654 et
659 1591 790 1653 dorninio
805 1611 842 1654 ue
858 1591 1016 1673 temporali
1029 1590 1067 1652 do
1082 1590 1111 1651 la
1126 1590 1210 1652 dictu
1227 1589 1313 1664 Oine
1328 1591 1360 1652 di
1376 1589 1466 1652 Sioua

300 1711 352 1771 per
377 1691 554 1770 qualunquo
581 1691 667 1751 ruodo
694 1689 826 1752 subiecti
860 1688 943 1750 molti
977 1687 1093 1769 epoclnli
1119 1687 1260 1765 aequali
1294 1687 1409 1750 bonolui
1430 1690 1467 1751 ei·

298 1790 391 1850 condo
413 1789 440 1850 ln
460 1790 523 1850 loro
542 1789 762 1852 constitutione
783 1787 813 1849 iu
836 1787 898 1850 ossi
920 1788 946 1850 si
974 1784 1076 1848 dobba
1098 1785 1263 1848 obseruare
1285 1787 1309 1846 lu
1335 1787 1465 1866 hospitu-
1523 1852 1528 1865 ‚

209 1951 211 1955 Α
297 1887 351 1949 lua
372 1887 435 1949 ciet
454 1887 625 1949 ricoveruro
646 1907 662 1948 e
684 1886 797 1966 percrj,
820 1887 1011 1948 nieutorncno
1042 1887 1136 1947 runnu
1157 1903 1249 1946 evoro
1284 1906 1354 1963 poca
1376 1885 1467 1969 nid-to

296 2007 385 2049 overe
406 1987 480 2047 rada
501 1987 678 2067 hospitalltt
699 1985 834 2047 s'osorrn
855 1987 886 2045 in
908 1984 978 2061 ossi,
1000 1991 1032 2046 et
1060 1983 1141 2045 docti
1166 1983 1288 2063 Spcduli
1305 2007 1322 2044 a
1338 1984 1369 2044 la
1384 1982 1467 2061 dieto

220 2137 222 2141 .
298 2082 377 2146 Ocea
403 2104 455 2164 por
485 2083 706 2146 sostentntione
726 2082 809 2160 degli
835 2081 941 2161 scolarj
975 2080 1108 2164 predccti
1132 2080 1219 2141 unire
1240 2080 1343 2159 legare
1364 2086 1395 2142 ot
1421 2080 1464 2141 iu·

296 2201 454 2262 corporane
474 2183 512 2243 do
532 2182 561 2242 la
583 2173 742 2258 benignitt
763 2167 926 2260 apostolica
955 2181 982 2242 ci
1013 2179 1213 2257 degnossiruo,
1239 2180 1287 2240 noi
1324 2180 1467 2257 adunque

268 2340 272 2348 ,
297 2285 442 2358 nquoste
462 2278 680 2359 supplicationi
708 2279 846 2340 inclinati
869 2283 901 2340 ot
923 2299 979 2339 nou
1002 2279 1120 2340 areudo
1147 2278 1184 2339 de
1202 2278 1230 2338 lo
1245 2277 1385 2357 producto
1399 2297 1467 2338 cone

170 2388 173 2393 '
260 2396 262 2400 ·
295 2382 379 2440 certa
399 2377 511 2439 noticia
532 2399 550 2436 n
565 2377 594 2438 la
615 2375 778 2438 fraternitt
793 2383 846 2437 tun
860 2378 898 2438 do
913 2376 942 2437 la
956 2377 1045 2455 «pudo
1067 2378 1098 2437 in
1109 2379 1218 2455 questo
1232 2380 1262 2437 ot
1275 2375 1385 2436 d'altre
1399 2397 1466 2436 cono

228 2499 236 2539 5
258 2496 263 2506 ·
296 2476 425 2556 spetiale
445 2477 493 2537 rrol
513 2477 635 2553 signore
657 2477 725 2536 Idio
739 2475 859 2536 ficlanzu
883 2475 1030 2556 portiano
1052 2495 1106 2556 per
1127 2475 1148 2535 li
1164 2474 1344 2555 apostoliebi
1358 2472 1465 2552 sinipti

177 2579 182 2588 '
264 2607 266 2610 ·
295 2575 486 2635 cornettianro
506 2583 537 2635 et
566 2574 770 2635 eornandiamo
791 2573 846 2635 cho
867 2574 898 2633 di
922 2579 1004 2636 tuoto
1024 2579 1056 2636 et
1086 2572 1286 2635 ciasebcduno
1307 2592 1375 2635 cose
1403 2592 1466 2650 pre-

294 2673 380 2734 docto
402 2694 454 2753 per
475 2683 579 2736 nostra
600 2673 1005 2748 autoritt-diligontcrnonto
1027 2673 1181 2752 t’ensorrnj
1199 2679 1231 2734 et
1245 2676 1354 2751 questa
1376 2671 1465 2731 infor·

294 2773 424 2833 natione
446 2792 499 2852 per
522 2777 550 2833 te
578 2779 673 2832 eruta
695 2780 727 2833 et
747 2772 887 2833 ricevuta
918 2792 1011 2850 supra
1033 2772 1062 2832 la
1084 2772 1156 2849 qual
1178 2792 1243 2833 cosa
1267 2770 1465 2848 aggrarinrno

294 2869 323 2929 la
346 2876 398 2930 tua
418 2872 607 2944 cosoienotio,
632 2870 692 2931 essi
714 2870 831 2949 spednli
853 2870 995 2948 no'quali
1017 2870 1046 2931 la
1067 2870 1245 2948 hospitalitt
1266 2886 1347 2930 cinno
1368 2889 1462 2948 epro-
1490 2917 1491 2922 ,

293 2968 388 3041 eleeto,
414 2987 473 3029 aon
495 2967 521 3030 ei
551 2968 680 3030 observa
701 2967 844 3044 do'quali
866 2989 882 3029 e
904 2987 1034 3048 nonryo
1066 2967 1200 3048 vocabolj
1224 2975 1254 3028 et
1277 2966 1382 3028 valate
1414 2989 1462 3028 an·

293 3068 377 3128 arioli
400 3067 527 3130 roliurno
547 3066 602 3128 ebe
617 3086 654 3129 ne
672 3066 700 3128 le
717 3068 849 3145 presenti
872 3068 955 3128 sieno
976 3067 1064 3128 nvuti
1086 3087 1140 3147 per
1153 3068 1289 3146 expressi
1306 3071 1462 3135 etdiclriu·

293 3168 361 3242 atti,
383 3171 509 3246 eutropio
528 3165 694 3228 soranuuu
715 3164 743 3225 lo
765 3165 893 3245 Spedule
908 3167 938 3228 <li
955 3165 1067 3228 Sancta
1093 3165 1192 3228 illaria
1212 3167 1290 3228 della
1314 3168 1401 3233 Scala
1422 3171 1462 3233 da

291 3265 391 3340 Sioua,
412 3285 430 3326 o
452 3265 480 3326 lo
501 3265 643 3345 prodeela
664 3283 735 3326 cnse
758 3283 819 3345 por·
832 3266 967 3328 uutorltrl
989 3271 1094 3327 nostru
1116 3266 1241 3328 indiciue
1266 3288 1378 3332 orvero
1398 3291 1463 3335 oue·

290 3364 511 3426 cessirnmente
531 3381 611 3424 coine
632 3383 650 3423 n
671 3367 702 3424 to
726 3363 815 3442 parret
837 3362 925 3425 unire
945 3362 1047 3441 legare
1069 3363 1296 3445 adiungognere
1317 3376 1349 3428 et
1369 3367 1463 3431 incor-

293 3481 398 3540 porare
420 3461 558 3541 procuri;
584 3460 666 3522 siche
687 3460 820 3523 cedendo
841 3481 932 3522 orere
952 3463 1139 3524 concedendo
1163 3483 1254 3526 overe
1274 3468 1415 3529 nrorondo
1436 3469 1461 3530 o'
1488 3475 1490 3482 '

290 3560 398 3638 rectorj
419 3559 550 3634 do’decti
570 3559 714 3638 hospitali
734 3578 854 3621 overoe
878 3559 958 3620 docti
971 3559 1094 3639 Spednli
1116 3581 1169 3642 per
1192 3563 1368 3642 qualunquc
1382 3567 1461 3628 altro

290 3658 376 3719 modo
394 3658 537 3720 lassando
562 3659 608 3719 sia
629 3657 712 3720 licito
732 3679 751 3719 a
770 3657 821 3721 ehi
842 3661 911 3720 sart
934 3658 1108 3740 presidente
1129 3681 1148 3722 o
1170 3659 1200 3721 la
1235 3661 1320 3724 dictu
1340 3683 1411 3726 casa
1432 3646 1464 3727 ot

290 3756 351 3832 agli
373 3755 482 3818 scolari
503 3755 629 3836 predicti
652 3756 735 3834 degli
756 3755 881 3836 Spcdnli
902 3764 934 3818 et
948 3758 1068 3835 regioni
1084 3766 1116 3820 et
1127 3760 1312 3838 pertinentie
1327 3762 1463 3842 predicte
1531 3796 1533 3802 ·
1606 3743 1609 3752 ¹
1667 3826 1672 3836 ,

288 3854 441 3936 corporale
457 3875 544 3934 posen
558 3875 611 3935 per
639 3856 761 3935 propriu
781 3855 915 3917 autoritt
937 3855 1135 3919 liberamento
1159 3856 1278 3938 piglure
1303 3866 1334 3923 et
1359 3880 1463 3942 perpe·

290 3951 457 4014 tuuluroute
477 3951 523 4014 eiu
544 3951 628 4014 licito
642 3957 746 4014 tenero
768 3950 852 4031 negli
867 3951 915 4015 uei
931 3951 970 4014 de
983 3952 1013 4013 lo
1033 3954 1123 4016 decta
1140 3974 1221 4034 cuso,
1243 3969 1302 4020 uon
1316 3951 1461 4021 rioliiosta

289 4050 412 4113 lieentia
432 4050 720 4113 ntooneentimento
739 4050 957 4132 de'dyocosuui
972 4049 1132 4134 do'luoglri
1152 4072 1243 4118 orere
1256 4056 1369 4127 dloltra
1389 4076 1463 4136 qua·

288 4147 402 4228 tuaque
421 4141 449 4212 ei
469 4150 514 4212 sio
525 4169 534 4228 3
560 4149 799 4231 cerreti-lugendo
820 4170 838 4212 e
858 4148 1075 4232 contradictori
1098 4170 1154 4233 per
1174 4173 1303 4218 coninua
1324 4154 1462 4220 eeclesia·
