3508 4972
663 239 841 303 -35-
1426 191 1432 199 ’

85 413 89 420 ’
167 409 278 483 derint,
301 414 362 468 tum
382 401 481 480 quead
503 399 710 472 executionem
734 394 946 457 borrello-iorum
968 394 1241 456 orsclosiasticermn
1262 415 1331 474 qua·

168 522 363 581 rumcmuque
383 497 683 577 ‹purlitutuuqquum
709 494 812 570 vigore
833 490 1106 571 expectativmmm,
1122 512 1175 553 sou
1197 511 1336 571 quarum·

170 604 217 700 vis
247 601 375 664 alimum
407 596 588 675 gratiarum,
612 592 828 672 provisionum,
850 596 882 651 et
904 589 1077 651 littormnm
1098 590 1331 671 apostolicarum

109 680 114 686 ⁸
167 702 212 764 eis
233 720 286 780 per
306 717 370 773 nes,
385 702 417 757 ct
437 711 628 755 successores
648 694 770 752 uestros
790 688 942 749 ltemaucs
957 660 1122 751 Pantilrces
1135 709 1189 770 pm
1204 694 1335 770 tempere

166 815 384 870 concessarum,
408 791 457 854 vel
478 789 738 853 concedendarum
760 792 933 866 expectant,
956 793 989 847 et
1009 787 1225 867 expectabunt,
1247 788 1335 852 etde
1399 808 1403 818 ·

166 895 279 974 quibus
299 891 343 954 ais
364 889 530 969 previsum,
552 891 609 949 aut
628 905 813 962 cencessum,
828 905 883 947 scu
903 883 1079 946 uraridatmu
1095 884 1155 948 luit
1170 885 1331 967 provideri,
1413 960 1415 964 ι

166 1013 202 1053 ac
222 989 299 1051 alias
319 989 352 1050 iu
373 985 523 1062 omnibus,
545 990 577 1046 et
598 1003 653 1065 per
673 984 773 1045 omnia
788 981 990 1062 sequentibus
1011 983 1179 1046 Romanam
1200 983 1332 1061 (iuriam,

167 1097 198 1151 et
218 1089 250 1148 in
270 1109 306 1148 ca
326 1087 468 1148 continue
495 1082 753 1160 commorantibus
780 1082 902 1143 omnine
934 1101 1030 1160 pares,
1051 1087 1084 1144 et
1104 1083 1135 1143 iu
1159 1084 1242 1144 nulle
1263 1083 1335 1146 iut'e·

166 1187 259 1249 riores
280 1185 352 1260 sint,
377 1188 431 1244 aut
451 1201 519 1244 esse
538 1188 733 1244 censeantur.
754 1177 845 1256 Quin·
866 1179 957 1241 etiam
974 1186 1016 1270 1ιιι
1041 1199 1095 1259 pre
1121 1182 1334 1261 praesentibus

167 1285 198 1345 in
218 1283 322 1344 cadom
348 1280 451 1357 Ousia,
480 1280 626 1357 illamque
650 1281 794 1340 continue
822 1277 1023 1356 sequentibus
1044 1278 1136 1341 etiam
1157 1281 1257 1358 quoad
1287 1301 1335 1362 pe

164 1381 304 1444 ciendum
325 1377 556 1459 praerogativis,
578 1382 611 1439 et
630 1375 880 1453 antelatieuibus,
898 1394 977 1454 quae
999 1395 1053 1457 per
1074 1375 1147 1454 Nes,
1161 1384 1192 1439 et
1213 1377 1334 1441 Succos·
1371 1447 1373 1452 ,

164 1499 247 1541 seres
267 1478 365 1539 dictos
386 1475 631 1558 praesentibus
622 1496 655 1537 ιιι
676 1473 771 1537 Curia
793 1474 967 1555 hujusmodi
992 1475 1167 1555 specialiter
1187 1496 1242 1556 pro
1264 1484 1334 1540 tem·

166 1598 235 1674 perc
258 1596 399 1639 concesse
424 1575 606 1653 suerint,iu
628 1575 830 1651 amnibus,et
852 1575 1034 1655 peremnia,
1056 1575 1206 1636 etiamin
1228 1575 1335 1654 quibu·

166 1693 309 1754 scrrmque
328 1673 439 1750 causis,
460 1677 493 1736 et
509 1671 638 1754 judiciis
660 1670 844 1750 ubicmuque
860 1671 1064 1749 vortentibus,
1079 1671 1195 1750 haberi,
1207 1673 1333 1759 censori,

164 1779 196 1834 et
215 1772 353 1853 reputari
383 1770 527 1848 debeant,
547 1771 660 1850 quavis
691 1770 812 1832 licticne
843 1779 996 1848 cessante,
1017 1777 1050 1833 et
1076 1770 1240 1850 quibusvis
1266 1771 1335 1832 aliis

163 1869 382 1950 cujuscumque
411 1869 587 1948 dignitatis,
609 1876 665 1931 aut
685 1868 847 1933 statusic
879 1869 1184 1958 assecutioneflsimili
1204 1869 1334 1932 debcant
1413 1895 1417 1908 ι

163 1967 285 2031 cmuiue
305 1967 464 2049 praeferri.

222 2066 288 2128 ἰιι
307 2069 433 2148 iusuper
464 2068 527 2129 illis
557 2067 708 2144 omnibus,
737 2074 770 2129 et
791 2066 933 2145 singulis,
959 2067 1010 2145 qni
1040 2067 1071 2128 in
1099 2067 1201 2130 oedem
1226 2068 1334 2129 Studio
1428 2071 1430 2084 ²

163 2166 289 2228 Senensi
310 2167 350 2228 ad
369 2167 555 2242 doctoratus,
579 2166 628 2227 vel
659 2164 802 2228 licentiae
834 2169 890 2226 aut
912 2165 987 2228 alies
1015 2166 1133 2243 gradus
1154 2166 1185 2228 in
1207 2166 1273 2229 suis
1293 2166 1333 2228 ln·
1435 2153 1438 2160 Α

162 2263 332 2325 cultatibus
363 2265 513 2343 assumpti
536 2263 661 2339 fuerint,
685 2268 720 2324 ut
751 2263 865 2342 ubique
887 2260 1016 2326 locorum
1042 2263 1103 2326 illis
1123 2264 1272 2340 omnibus,
1301 2270 1333 2326 ct

162 2360 295 2438 siugulis
326 2361 507 2440 privilegiis,
539 2361 800 2437 immunitatibus,
824 2361 1079 2441 eueruptieuibus,
1101 2362 1332 2442 praerogativis,
1369 2351 1376 2360 ²

162 2465 195 2521 et
214 2461 335 2537 gratiis,
354 2459 468 2538 quibus
483 2459 660 2538 funguntur
679 2461 723 2536 bi,
745 2462 798 2538 qui
820 2461 851 2520 in
872 2461 1010 2522 Romana
1026 2459 1128 2537 Curia,
1149 2468 1205 2522 aut
1225 2461 1333 2532 Studio
1351 2449 1362 2477 ³
1405 2497 1408 2502 ,
1474 2479 1488 2536 j

163 2557 258 2620 Urbis
278 2558 392 2619 Romae
412 2557 482 2619 ad
472 2577 555 2638 rpsos
575 2559 693 2637 gradus
715 2566 931 2637 promoventur
945 2558 1177 2637 qualiacumque
1198 2558 1249 2619 illa
1271 2558 1332 2620 luc·
1457 2573 1460 2580 '

159 2654 233 2732 rint,
255 2655 315 2735 ipsi
335 2675 454 2734 queque
468 2654 685 2736 pariformiter,
701 2664 734 2718 et
747 2656 814 2719 siae
836 2657 898 2718 ulla
918 2655 1093 2718 dillereutiu
1115 2657 1219 2774 potiri,
1235 2655 1319 2761 iun
1288 2680 1330 2736 gr,

161 2748 194 2811 et
212 2750 348 2825 gaudem
369 2750 503 2812 valeant.

238 2865 425 2928 Praeterea
417 2887 425 2926 ι
430 2885 494 2946 psrs
506 2865 539 2926 iu
560 2865 643 2927 dicto
653 2865 764 2926 Stadia
778 2865 905 2927 Senensi
928 2885 981 2945 pre
1002 2871 1136 2944 ternpore
1150 2869 1329 2927 commoran-

161 2959 253 3037 tibus,
266 2962 335 3024 sive
352 2957 532 3038 saeculares
554 2963 621 3024 sive
640 2946 819 3040 quorumvis
833 2961 982 3023 Ordinem
1002 2961 1146 3041 religiosi,
1157 2963 1276 3024 etiamsi
1298 2964 1329 3024 iu

159 3057 262 3120 Sacris
282 3056 450 3121 Ordinibus
469 3058 632 3120 constituti
657 3059 784 3136 luerint,
804 3065 836 3122 et
866 3059 1100 3144 qualiacumque
1121 3059 1267 3122 beneficia
1286 3081 1331 3122 ec·

157 3155 329 3219 clesiastica
355 3177 424 3218 cum
445 3176 528 3233 cura,
559 3157 607 3218 vel
629 3157 698 3219 sine
718 3176 802 3234 cura,
824 3157 947 3218 etiamsi
968 3157 1156 3237 parochiales
1177 3157 1328 3235 ecclcsiae,

158 3263 214 3316 aut
237 3255 416 3334 dignitates,
438 3263 630 3349 personatus,
656 3255 948 3333 administrationes,
978 3256 1026 3318 vel
1049 3255 1147 3318 efficia
1178 3257 1210 3318 in
1230 3255 1328 3318 catire-

157 3349 305 3428 cralibns,
326 3353 419 3414 etiarn
441 3351 693 3430 metropolitanis,
705 3357 762 3412 aut
781 3350 952 3430 collegiatis
966 3350 1102 3414 ecclesiis
1122 3370 1176 3432 pro
1198 3358 1328 3431 tempere

156 3447 356 3526 obtinuerint,
377 3456 409 3513 et
430 3450 602 3530 dignitates
623 3451 709 3532 ipsae
730 3449 762 3511 in
784 3447 1025 3526 cathedralibus,
1046 3450 1138 3512 etiam
1163 3451 1328 3530 metrepoli-
1359 3487 1363 3496 ι

157 3548 240 3610 tanis
261 3556 329 3629 pest
349 3549 539 3630 pontificales
561 3551 697 3632 majores,
719 3555 774 3612 cut
794 3548 965 3630 collegiatis
993 3549 1128 3614 ecclesiis
1151 3550 1323 3631 hujusmodi
1352 3600 1353 3603 ,
1393 3631 1394 3634 Ἴ

159 3648 344 3728 principales
365 3649 489 3721 suerint.
506 3657 537 3712 et
557 3653 610 3730 qui
631 3650 671 3711 ad
692 3650 769 3726 illes,
784 3655 817 3711 et
831 3656 1021 3730 personatus,
1035 3641 1324 3726 administrationes,
1368 3693 1386 3740 ¹.
1414 3661 1416 3666 '

157 3746 204 3809 vel
219 3746 317 3810 cilicia
333 3747 384 3829 imj
390 3748 507 3810 asmodi
528 3749 747 3812 consueverint
761 3749 813 3828 qui
829 3767 883 3830 per
897 3748 1073 3812 electionem
1088 3749 1213 3826 assumi,
1225 3747 1328 3826 eisque

155 3865 259 3907 curam
280 3846 439 3909 immincat
459 3848 631 3910 animarum
646 3867 701 3928 pro
716 3855 851 3930 tempere
872 3847 1067 3912 obtinuerint
1086 3849 1119 3910 iu
1134 3847 1265 3928 legibus,
1279 3845 1327 3908 vel

155 3944 281 4025 phisica,
302 3957 358 4036 ant
379 3946 537 4023 medicina,
560 3947 627 4009 sine
648 3947 789 4027 cuiusvis
808 3966 966 4025 censurae,
987 3955 1043 4010 cut
1062 3967 1187 4029 pesam,
1200 3950 1324 4010 incursu

92 4109 94 4116 ,
153 4045 287 4122 studere,
301 4050 358 4106 aut
377 4045 538 4123 legerere
558 4044 744 4124 doctoratus,
765 4051 797 4108 et
809 4045 887 4108 alies
905 4046 1023 4126 gradus
1045 4046 1078 4110 in
1093 4047 1155 4110 illis
1172 4066 1326 4110 assumere

154 4140 259 4218 libere,
281 4150 313 4205 et
333 4141 417 4204 licite
439 4142 575 4222 possint(
666 4152 668 4156 ’
1079 4170 1083 4176 ·

236 4240 371 4304 Fructus
397 4255 526 4320 qaoque,
547 4247 580 4305 ct
603 4249 774 4324 preventus
799 4217 1037 4352 praedictorum,
1057 4249 1091 4306 et
1109 4242 1237 4306 alierum
1255 4261 1326 4322 qne·
