3508 4972
787 88 969 149 -en-

295 247 397 320 eierato
417 244 498 303 ‹lallo
524 242 659 316 irrginslo
680 263 696 300 e
718 241 777 300 rozi
793 239 1018 301 a'arnaeatrano·
1033 261 1050 300 o
1067 241 1183 320 proncti
1205 264 1222 302 a
1243 244 1296 321 pili
1317 245 1378 304 alte
1400 267 1466 312 cose

187 347 190 352 “
294 343 418 417 sergiano
452 341 477 400 la
507 341 572 400 linio
602 339 750 400 eallroliea
783 357 893 413 creme,
916 337 944 397 la
975 338 1121 416 giusticia
1152 339 1168 398 e
1199 340 1344 402 collirnta
1377 350 1409 402 et
1436 345 1464 404 al

299 449 380 498 tacto
402 439 429 497 la
454 438 622 515 praeporitir
644 436 724 494 zlella
753 436 884 494 lnrnnnrn
908 436 1080 496 coralitiono
1101 435 1257 499 e’acreueo
1285 441 1467 503 condecente

296 537 472 613 repntiarne,
495 543 526 594 et
547 532 651 594 aetna
671 531 735 606 elie,
759 532 860 608 lnoglri
883 532 1025 608 ne’rprali
1048 532 1091 610 gli
1112 533 1207 611 etudij
1231 555 1356 614 puosaono
1384 545 1466 599 staro
1548 544 1550 550 '

297 632 521 710 sarereggiarno
542 649 596 690 con
618 629 719 707 gratio
740 635 771 688 ot
795 627 950 706 privilegij
972 629 1094 707 spetiali
1115 637 1148 690 ot
1163 651 1180 689 a
1194 631 1222 690 le
1237 633 1299 691 loro
1318 634 1465 694 cornodinl

294 736 326 790 ot
347 729 449 788 utilinl
471 738 502 788 et
524 728 574 804 agi
607 723 722 804 alianto
744 726 894 804 poauinrno
914 743 969 786 eon
990 745 1104 786 ruosser
1127 725 1253 788 (lornano
1281 727 1339 789 Dio
1359 730 1466 791 solliei-

296 827 387 886 tiarno
407 835 438 888 ct
458 826 592 888 enrianro
612 824 644 885 di
665 822 815 884 aoreniro.
838 821 919 901 Oggi
940 827 1128 883 certarnento
1148 823 1187 883 ad
1209 823 1358 886 instantia
1379 827 1416 887 de
1439 827 1466 888 lo
1564 876 1565 880 ,

294 922 486 1000 suplicationj
509 922 557 982 do'
572 921 676 982 dilecti
700 920 875 998 figliuoli...
898 920 1006 994 Priori,
1029 919 1231 1000 Genernatorj
1260 931 1292 982 et
1316 921 1466 1002 (lapitano
1568 922 1577 932 ”

253 1041 254 1044 ’
295 1021 326 1082 di
348 1020 451 1101 popolo
471 1020 509 1081 ‹lo
530 1020 558 1080 la
590 1020 668 1081 citti
689 1020 718 1079 di
754 1017 845 1080 Sioua
867 1025 899 1080 ot
928 1016 1139 1095 degl'olliciali
1166 1037 1255 1098 sopra
1276 1020 1303 1080 ol
1324 1021 1466 1099 generale

294 1116 403 1176 Studio
430 1116 492 1177 loro
523 1116 674 1195 deputati,
695 1119 781 1176 certa
802 1134 872 1176 casa
906 1122 993 1194 posta
1014 1114 1083 1174 nola
1103 1114 1192 1174 decta
1215 1115 1293 1176 cina
1313 1116 1465 1178 clriarnata

294 1215 322 1274 le
336 1214 464 1294 Spellalo
486 1216 524 1275 du
545 1215 575 1276 la
596 1215 806 1275 Misericordia
828 1233 882 1294 per
902 1233 957 1275 uso
971 1217 1003 1274 et
1018 1211 1207 1273 habitatione
1227 1213 1259 1273 di
1284 1219 1384 1275 trenta
1406 1235 1465 1276 seo

293 1311 349 1390 larj
370 1310 496 1372 <loronii
518 1311 568 1372 ine
590 1311 695 1372 virere
717 1318 749 1372 ot
770 1309 908 1372 eturlinre
929 1329 983 1371 oon
1005 1309 1140 1370 antoritit
1161 1309 1326 1388 apostoliea
1348 1330 1401 1390 por
1415 1331 1464 1372 uo·
1489 1365 1491 1369 .
1599 1347 1603 1356 ·

293 1417 357 1468 atra
380 1408 489 1469 lentare
510 1408 631 1469 arianro
651 1407 833 1468 constituito
853 1408 1001 1486 deputato
1028 1419 1060 1469 ot
1080 1407 1220 1466 oralinato
1244 1426 1261 1467 o
1285 1408 1325 1468 liu
1340 1409 1464 1471 d'allora
1541 1455 1543 1460 -

292 1506 331 1566 da
351 1506 462 1569 dorero
493 1524 594 1566 assero
624 1504 777 1565 elrianrata
806 1503 835 1564 la
857 1502 937 1564 (lasa
958 1503 996 1564 do
1018 1503 1047 1564 la
1073 1503 1230 1583 Sapientia
1252 1511 1284 1564 et
1304 1504 1413 1566 Studio
1433 1508 1463 1566 ali

293 1603 383 1683 Siena
405 1603 533 1664 secondo
552 1602 608 1663 che
629 1604 661 1663 in
682 1621 750 1664 esse
778 1602 887 1662 lettere
901 1601 961 1680 piir
983 1600 1174 1680 pienarnente
1194 1602 1221 1662 si
1242 1603 1389 1663 contione.
1413 1604 1463 1664 illa

251 1702 509 1763 ·.coneiosiaeoaa
541 1701 598 1762 clio
629 1700 756 1761 secondo
776 1699 832 1760 che
852 1701 892 1760 da
915 1700 961 1779 poi
985 1700 1014 1760 la
1036 1700 1183 1779 petitione
1204 1721 1221 1760 a
1243 1702 1290 1761 noi
1315 1702 1390 1761 data
1410 1723 1464 1781 per

227 1866 230 1872 ¹
291 1807 382 1879 parta
398 1799 445 1860 de’
461 1799 561 1859 Priori
572 1797 775 1876 Governatorj
800 1804 833 1858 ot
854 1796 1006 1876 (lapitano
1026 1797 1056 1858 di
1080 1796 1185 1876 popolo
1205 1802 1237 1858 ot
1257 1796 1376 1860 officiali
1400 1819 1463 1878 pre-

290 1895 371 1956 decti
392 1894 572 1956 contionora
594 1893 622 1954 la
639 1893 782 1972 preelecta
804 1912 875 1954 casa
897 1912 956 1953 non
979 1895 997 1952 a
1020 1898 1106 1952 tante
1120 1891 1241 1953 rondito
1261 1892 1316 1953 elio
1337 1891 1381 1970 gli
1404 1913 1465 1954 aco·

292 1993 349 2052 lari
370 1992 505 2069 preelecti
527 1990 554 2052 ei
575 2010 704 2069 possano
735 1991 784 2051 ine
813 1992 845 2050 in
870 1990 979 2051 alcuno
999 1989 1087 2050 inodo
1113 1990 1296 2050 sostontarei
1317 2009 1350 2051 so
1371 1993 1464 2052 allero
1540 2014 1542 2018 ·

290 2088 443 2149 ‹lall'altra
456 2097 543 2168 parto
563 2108 651 2168 sopra
673 2093 782 2166 qirosto
796 2107 854 2148 non
871 2087 898 2148 ei
915 2088 1111 2166 proreelosso:
1127 2105 1181 2166 por
1196 2093 1283 2166 parto
1302 2087 1461 2163 ale'Pr·iari‚

290 2185 492 2263 Gorernatorj
515 2191 547 2246 et
561 2185 712 2264 Capitano
733 2185 764 2244 eli
786 2185 890 2262 popolo
911 2189 943 2244 et
963 2182 1086 2247 officiali
1108 2183 1241 2262 preelecti
1258 2203 1276 2242 a
1292 2185 1341 2243 noi
1364 2185 1393 2243 t'n
1412 2185 1463 2243 lin·

291 2282 444 2344 rnilrnento
465 2282 638 2363 supplicato
658 2282 713 2344 clio
737 2282 830 2342 allero
857 2281 897 2342 dn
920 2282 1104 2352 donrandaro
1125 2287 1158 2342 ot
1178 2281 1344 2342 risenotero
1365 2291 1395 2342 et
1417 2303 1462 2342 co·
1499 2313 1503 2322 ·
1535 2309 1536 2312 ¹

289 2380 372 2454 glore
391 2379 492 2441 insino
513 2401 530 2440 a
552 2381 582 2440 la
602 2399 716 2442 eornrna
736 2379 768 2438 di
790 2379 895 2440 sornila
918 2378 1016 2457 fiorinj
1039 2378 1121 2440 d’oro
1140 2378 1259 2440 do’beni
1282 2399 1371 2446 orere
1394 2379 1463 2439 rnal-

291 2474 414 2554 tollecti‚
435 2477 546 2538 incerti
566 2496 584 2536 o
606 2475 691 2553 quali
723 2495 795 2536 sono
826 2495 916 2537 evoro
946 2495 1077 2538 enranno
1098 2494 1135 2536 ne
1156 2474 1186 2554 la
1207 2474 1284 2536 cina
1306 2476 1337 2536 di
1360 2475 1463 2551 Sienn,

290 2571 436 2633 Gnossoto
455 2579 487 2634 ot
502 2573 606 2634 Massa
628 2576 660 2633 et
681 2572 729 2632 no'
741 2571 858 2633 castelli
884 2571 955 2634 villo
975 2579 1007 2632 ot
1029 2577 1109 2632 torre
1123 2592 1141 2631 a
1156 2570 1186 2630 la
1201 2570 1410 2633 iurisdictione
1432 2580 1463 2633 et

292 2669 426 2748 potentia
447 2676 480 2731 et
499 2670 631 2730 ‹lerninio
652 2670 818 2749 temporalo
839 2691 857 2730 a
881 2669 910 2730 la
931 2668 1094 2731 Oonrnnitt
1114 2669 1152 2729 elo
1174 2667 1203 2729 la
1223 2669 1312 2730 necta
1332 2671 1408 2730 cine
1430 2670 1462 2730 eli

290 2765 380 2827 Siena
399 2785 453 2846 per
473 2766 650 2844 qnalnnqno
672 2766 758 2826 ruodo
780 2764 912 2844 sabjecti
934 2772 965 2827 et
990 2764 1152 2845 sottoposti
1173 2765 1315 2844 de'qnali
1340 2764 1407 2826 loni
1431 2773 1463 2826 et
1568 2790 1574 2803 ·

289 2861 396 2922 incerti
412 2882 470 2924 non
493 2869 600 2942 petnto
623 2863 754 2923 trorarai
776 2862 880 2922 elriaro
900 2862 938 2921 no
959 2880 1019 2922 non
1034 2860 1061 2922 ei
1082 2864 1170 2940 potril
1193 2867 1315 2922 trorare
1335 2862 1415 2923 aeni
1432 2862 1461 2921 la

289 2959 483 3020 restitutione
510 2958 603 3019 tl'ossi
626 2956 690 3018 faro
711 2958 736 3018 ei
758 2955 877 3018 dobba:
898 2966 1008 3034 questa
1036 2957 1097 3018 cosl
1120 2952 1200 3016 iacta
1221 2977 1333 3018 eonnna
1354 2957 1401 3016 ‹lo’
1415 2957 1461 3015 lra-

288 3053 358 3134 rinj,
380 3055 419 3116 da
439 3055 622 3118 corrrcrtirei
643 3054 676 3115 in
696 3073 816 3132 eornpro
837 3054 869 3114 di
902 3053 1055 3132 propriata
1076 3059 1109 3114 et
1135 3053 1257 3114 rendito
1278 3075 1330 3133 per
1350 3061 1459 3132 qrreeta
1553 3139 1555 3143 Ι

289 3153 367 3213 Canna
391 3159 423 3212 et
437 3152 589 3213 studianti
611 3150 792 3230 sopradecti,
812 3149 840 3211 ci
854 3150 1050 3227 degnassirno
1070 3149 1101 3209 di
1117 3152 1221 3226 gratia
1243 3153 1380 3232 spetialo.
1402 3152 1460 3213 Nol

288 3251 430 3327 adrrnrpro
458 3249 598 3310 inclinati
619 3268 637 3310 a
657 3253 766 3325 queste
787 3248 848 3309 cosi
870 3245 951 3310 seete
972 3246 1167 3326 suplicationi
1188 3268 1205 3306 a
1229 3247 1257 3308 la
1280 3257 1383 3309 vostra
1404 3247 1461 3309 sra-
1482 3321 1487 3332 ·

226 3403 230 3409 .
290 3345 402 3408 toenitii
434 3366 487 3426 por
514 3346 535 3407 li
563 3345 719 3425 apostolici
752 3343 862 3423 scripti
892 3346 1085 3405 cornettiarno
1116 3349 1148 3405 et
1172 3345 1376 3406 conrarnliarno
1406 3347 1461 3408 elio
1547 3363 1549 3367 ·

286 3445 488 3506 oiaaahednno
508 3445 539 3505 di
573 3441 620 3522 voj
644 3441 711 3504 nolo
732 3461 800 3503 ceso
830 3441 987 3522 spirituali
1019 3450 1050 3504 et
1072 3450 1107 3503 tn
1133 3440 1253 3503 fratello
1281 3463 1408 3505 vescovo
1429 3444 1461 3504 di

251 3545 257 3559 '
287 3542 378 3604 Sioua
400 3541 430 3602 in
451 3541 628 3620 qtralnnqno
650 3546 732 3601 terre
754 3538 827 3601 ville
848 3544 880 3600 et
912 3538 1014 3618 luoglri
1037 3538 1108 3600 altri
1140 3539 1316 3618 qnalnnqne
1336 3541 1368 3602 in
1390 3562 1462 3620 qna-

114 3690 120 3703 .
236 3657 239 3662 '
286 3639 400 3717 tuaque
420 3639 532 3700 diocesi
553 3639 638 3700 eieno
658 3636 717 3697 ala
739 3637 876 3716 predicta
898 3635 1060 3699 Oorrruuitia
1081 3637 1114 3699 ni
1142 3635 1234 3699 Siena
1254 3637 1462 3720 intemporali

286 3756 341 3817 por
360 3736 536 3816 qualnnqno
557 3737 643 3800 modo
663 3736 801 3816 srrbjecte
821 3741 854 3799 ot
873 3742 1043 3818 eottoposte
1065 3755 1119 3818 per
1131 3735 1180 3798 voi
1201 3755 1293 3800 orere
1312 3757 1366 3818 por
1388 3737 1460 3812 altri

286 3840 433 3912 oqnosto
463 3852 530 3895 eoae
556 3834 668 3915 ydonei
699 3839 732 3896 et
751 3829 915 3896 ntrfficionti
937 3833 978 3895 da
1010 3847 1111 3897 essere
1132 3852 1185 3915 per
1212 3833 1406 3897 ciaeclrednni
1428 3835 1461 3896 di
1572 3888 1574 3893 ,

288 3931 336 3992 voi
356 3931 497 4010 deputati
518 3951 536 3993 o
555 3930 624 3992 lurni
646 3950 736 3993 orere
757 3930 924 3993 rnaltoleeti
946 3932 1053 3992 incerti
1069 3949 1151 3993 corno
1171 3931 1261 3994 docto
1280 3933 1297 3994 o
1316 3931 1360 3993 do.
1375 3932 1458 4010 quali
1550 3980 1554 3986 .

279 4044 369 4104 ¹corno
389 4029 514 4090 edocto
534 4021 593 4090 uon
615 4047 729 4109 apparo
760 4029 798 4090 no
819 4029 1116 4128 potralap1nreroua
1138 4029 1188 4092 cui
1209 4028 1240 4091 la
1263 4027 1460 4093 restitutione
