3508 4972
691 67 696 75 ·
806 75 982 140 -20-

309 231 415 306 sialuit,
431 231 510 308 quod
535 231 631 309 placat
654 232 681 290 ei
703 229 782 307 quod
798 229 837 288 ‹lo
851 248 942 290 auore
962 237 995 290 ot
1017 231 1143 308 pecunia
1164 232 1300 292 eorrruuis
1314 232 1475 295 solvantur

309 330 466 388 unmmtim
491 347 552 387 xxv
574 327 626 387 lib.
649 329 716 386 riam
739 327 765 388 si
788 327 826 386 ad
852 327 1029 386 ‹looeudum'
1047 333 1080 387 ot
1106 328 1272 404 regendum
1302 331 1421 390 rania-ot
1441 331 1482 407 inv
1512 363 1515 370 ,

310 424 436 507 ciuitate
468 425 536 484 Son.
559 433 587 484 et
611 421 747 484 docuerit
768 427 801 484 ot
821 422 941 501 regerit
963 423 995 482 iu
1028 427 1095 485 arto
1122 423 1268 504 prediola,
1293 425 1324 486 in
1345 427 1474 488 civitate

309 521 454 599 prerllclu.
1292 576 1295 582 ,

363 655 365 660 -
388 618 539 680 Dominus
557 619 690 681 G-aceius
710 619 748 680 de
759 617 974 696 Fortoguorris
993 617 1190 681 eonsulultot
1200 618 1319 696 dixit...
1331 621 1410 698 quorl
1424 641 1473 682 su·

160 751 164 760 ·
236 764 239 770 .
309 737 362 796 per
384 716 463 781 lacto
478 718 622 796 Magistri
638 718 769 780 Barrrlinl
793 715 972 797 professoris
985 719 1162 796 gramatice,
1175 719 1337 781 coneordat
1356 719 1472 782 dietum

309 835 396 876 surram
418 835 486 877 oum
507 816 588 877 dicto
609 816 721 877 donatiui
745 814 807 876 ltloi
831 814 972 894 predicti.

388 915 574 994 Tongooeius
605 913 718 974 (lentini
752 911 945 994 Laterengbi
976 913 1015 975 do
1048 912 1199 974 Talomels
1233 913 1396 992 consuluit,
1430 915 1473 976 di·

355 1133 357 1138 ·
387 1109 485 1189 Super
506 1109 586 1172 laeto
607 1129 679 1170 nero
699 1109 841 1188 magistri
864 1108 999 1170 Bandini
1020 1106 1199 1189 professoris
1218 1109 1386 1187 gramatice
1406 1128 1472 1171 eon·

308 1206 412 1268 cordat
432 1206 548 1269 dietum
569 1228 658 1270 suum
685 1228 753 1270 eam
778 1207 849 1270 aliis
869 1206 1105 1287 arongatoribus
1132 1206 1328 1286 supradietis,
1357 1209 1474 1270 scilieet

307 1303 387 1381 quod
408 1305 434 1366 si
458 1305 578 1366 verterit
591 1307 630 1366 ad
645 1307 811 1368 docendum
833 1313 864 1366 ot
884 1305 1051 1384 regendum
1067 1307 1098 1365 in
1113 1312 1180 1366 arte
1203 1305 1348 1385 prodicta,
1361 1293 1485 1367 deutur

308 1399 404 1461 eidem
426 1401 465 1462 do
485 1421 576 1464 arere
597 1408 629 1464 et
649 1402 775 1484 pecunie
789 1402 943 1478 Comanis,
966 1401 1128 1464 aummtim
1148 1422 1212 1464 xxv
1233 1401 1286 1464 lib.
1307 1403 1376 1464 don.
1398 1422 1462 1464 sen.

387 1496 535 1560 Dominus
556 1498 695 1561 Itamolla
716 1500 753 1560 do
774 1499 987 1578 Fortoguerris
1008 1499 1172 1576 consuluit,
1194 1498 1321 1560 diceus.
1364 1543 1372 1561 .
1414 1543 1421 1561 .
1463 1543 1470 1561 .

306 1591 405 1674 Super
424 1596 483 1656 alio
504 1597 633 1658 articulo
654 1598 795 1677 imposito
814 1598 853 1659 (le
881 1597 962 1659 tuoto
984 1597 1127 1676 magistri
1147 1596 1290 1673 iteratim,
1311 1600 1472 1660 coneordat

262 1739 264 1744 .
305 1690 422 1754 dietum
442 1712 532 1756 surum
553 1714 621 1756 oum
643 1694 712 1757 aliis
733 1694 967 1774 arengatorlbus
989 1695 1187 1776 surpradiotis.

386 1789 554 1853 Consilium
575 1791 746 1872 predictum
762 1790 824 1853 luit
837 1792 869 1852 in
883 1793 1042 1854 eoncordia
1055 1812 1149 1872 super
1163 1794 1309 1872 predictis
1322 1791 1472 1868 omnibus,

305 1904 373 1949 eum
393 1887 475 1951 dieto
495 1878 528 1951 o't
547 1888 672 1951 oonsilio
691 1889 853 1968 Tongooeii
874 1889 988 1951 domini
1011 1890 1220 1968 Laetorongbi
1241 1890 1379 1972 predicti.
1397 1902 1400 1909 ·

385 2021 438 2102 (R.
459 2021 607 2083 Ambivio
627 2022 658 2082 di
680 2021 769 2084 Stato
789 2023 822 2083 in
843 2022 943 2084 Sioua.
965 2021 1121 2100 Consiglio
1135 2022 1294 2085 (tenerale.
1316 2022 1474 2084 Delibera·

309 2118 389 2178 eioni
409 2118 477 2181 Vol.
498 2120 548 2198 34,
570 2119 591 2182 l.
612 2121 675 2198 37).

724 2275 1057 2296 ,Μ

844 2505 941 2570 VIII.

370 2683 564 2776 ,Prieitepio
598 2708 659 2757 con
695 2684 781 2758 tolle
814 2708 921 2757 nterea
958 2706 1113 2758 concesso
1151 2684 1231 2757 ‹tult'
1252 2687 1466 2778 imperatore
1515 2755 1516 2760 ,

311 2797 411 2871 (aare
437 2799 501 2890 IV
522 2799 558 2872 ai
582 2800 694 2874 serresi
714 2823 783 2893 per
807 2800 841 2872 la
875 2799 1072 2906 Ureioersitia
1096 2799 1187 2891 clepit
1211 2803 1314 2875 stadt.

381 2966 419 3028 In
441 2966 569 3029 Nomine
600 2967 712 3029 Sancto
733 2973 765 3028 ot
794 2965 959 3058 Iudivitluo
988 2965 1155 3027 Trinitatis
1186 2965 1327 3029 iolieitor.
1361 2969 1469 3031 tlmon.

275 3088 277 3094 ’
300 3063 496 3129 CrlItOLUS
518 3063 730 3139 QUARTUS,
745 3062 862 3125 Divina
876 3062 1000 3125 fanerato
1014 3063 1184 3141 elementia,
1197 3065 1398 3126 Romanorum
1412 3067 1469 3127 lm·

220 3199 225 3208 ‚
303 3168 424 3241 perator
443 3181 562 3243 sempor
586 3163 751 3239 Augustus
772 3168 804 3222 et
820 3160 963 3223 Bolromio
978 3160 1054 3224 Rex.
1070 3161 1118 3221 nd
1136 3162 1319 3240 Perpetuam
1336 3164 1393 3225 liei
1410 3165 1471 3225 llo·

33 3311 39 3319 .
237 3316 240 3326 ‚
274 3305 275 3310 1
301 3260 434 3321 moriam.
456 3259 639 3322 Veneranda
662 3261 815 3321 uirtutum
846 3258 1009 3337 Magistra,
1031 3258 1160 3321 Itoetrix
1188 3279 1313 3337 urorum,
1335 3267 1471 3324 attrecta

299 3357 429 3418 humane
449 3358 690 3419 conversationis
713 3355 862 3419 imbntriu
874 3339 1046 3417 =Saorarum
1062 3357 1180 3434 Legum
1207 3364 1238 3418 ot
1253 3356 1421 3436 Gauranum,
1436 3380 1471 3422 ao

266 3489 268 3492 ·
300 3454 489 3517 Liberaliora
510 3455 623 3516 artium
644 3455 777 3535 pretiosa
798 3454 937 3530 seientia,
954 3473 1044 3533 quam
1068 3453 1254 3534 pestilentiis
1275 3455 1375 3536 pidem
1396 3477 1470 3540 mpr-

302 3553 433 3614 talitatis
453 3551 554 3615 rabies
585 3572 638 3632 por
669 3552 769 3632 ampla
791 3550 884 3622 Orbis
904 3551 1028 3613 elimata
1059 3549 1233 3629 suffocavit,
1263 3554 1329 3633 ipso
1356 3555 1404 3616 sui
1432 3557 1470 3617 si·

229 3687 232 3693 -
299 3647 393 3712 lentio
423 3650 463 3711 ed
491 3669 545 3712 uos
575 3648 696 3729 elamat,
718 3655 750 3710 et
781 3649 905 3710 in'voeat
936 3649 1030 3710 taeite
1061 3669 1169 3711 nomen
1199 3655 1469 3729 aestumatio

206 3741 208 3746 ’
299 3745 496 3808 relevandum
527 3747 626 3826 ipsius
658 3754 811 3828 prostrato
841 3745 961 3828 lapsum
985 3745 1159 3828 imperialis
1188 3749 1215 3810 oi
1243 3748 1401 3833 dextoram
1422 3771 1471 3832 po·
1514 3797 1516 3802 .

299 3845 396 3906 teatio
417 3844 615 3924 porrigamus.
1318 3911 1329 3924 ι

379 3941 442 4005 Nos
463 3942 561 4021 igitur
589 3951 768 4004 euuemrum
800 3941 941 4018 Urbium
963 3947 996 4004 et
1016 3943 1113 4006 totius
1134 3941 1228 4008 Orbis
1260 3945 1362 4027 (eujus
1381 3947 1470 4009 uobis

299 4030 592 4117 monambm3,lloot'
610 4038 782 4115 immeritis,
809 4039 921 4101 eelitus
952 4044 1002 4101 est
1031 4040 1205 4123 commissa)
1233 4043 1336 4118 docus,
1357 4049 1390 4105 et
1408 4043 1470 4122 glo·
1503 4036 1506 4042 ’
1532 4131 1534 4136 Ι
