3508 4972
15 99 975 210 ἐ“*“““””“““ῗἮ-
1079 145 1082 152 ·

291 279 449 339 eonsilium
465 276 608 338 Centenis
618 289 649 337 et
663 277 830 356 predictum
844 276 1001 337 onrrsilinrn
1024 277 1136 338 lirmuri
1152 279 1271 354 delient,
1283 281 1455 358 diligenter.
1517 341 1520 346 ,
1583 315 1585 321 ·

371 374 519 437 Dominus
541 375 687 435 Grillblns
707 373 809 448 iudex,
830 375 986 434 consuluit
1000 382 1032 436 et
1047 375 1127 436 dixit
1142 397 1234 454 perper·
1254 377 1334 439 l'noto
1354 380 1455 445 Studii
1736 455 1737 460 η

291 473 464 534 lieternrum
485 473 646 550 generalis,
669 470 860 550 qnodquene
881 470 997 533 dietum
1029 471 1144 534 suetum
1174 474 1216 536 sit
1243 477 1404 540 remissum
1423 480 1456 542 in
1499 493 1502 501 ⁴
1653 519 1655 523 ·

292 572 396 649 xxxvj,
411 572 558 646 eonsules,
577 570 774 632 emnemrium
791 574 823 631 et
837 569 953 630 surium
975 575 1005 631 et
1027 568 1163 633 liubenut
1183 580 1282 635 certos
1301 575 1458 655 sepientes
1552 557 1554 562 Ι
1738 561 1739 576 ¹

194 749 196 753 Ι
235 669 343 745 ¹,qui
366 671 502 730 sentiunt
521 669 559 730 de
581 667 934 752 snctestudiietsnpru
958 667 1104 753 predictis
1125 669 1458 738 debeanturdinnreet
1520 697 1523 703 ·
1574 721 1578 728 -

188 833 190 838 ¹
277 767 395 828 'riilere
410 767 602 843 seenritutes,
618 765 779 846 privilegiu
793 771 828 828 et
847 765 1051 827 inmunitates
1071 767 1278 830 eerreedeneins
1300 771 1458 848 magistris
1545 774 1547 778 ’

291 875 321 924 et
333 865 503 927 rectoribus
513 867 613 944 legum
625 869 657 926 et
667 865 796 926 uliurum
806 863 1025 944 professionum
1038 864 1249 935 etseoleribus
1260 867 1415 932 uuivorsis
1426 860 1458 932 et
1490 863 1494 870 ¹

206 984 209 988 ·
293 972 327 1022 nt
349 962 424 1024 beno
438 963 591 1024 sentietur
606 983 658 1042 per
672 962 831 1024 civitatem
847 955 916 1025 vult
930 962 1010 1041 quod
1027 982 1081 1042 per
1095 963 1255 1025 eorisiiinm
1269 967 1413 1045 generale
1426 975 1458 1031 et

291 1061 321 1120 in
344 1060 468 1122 eorrsilie
486 1060 621 1138 generali
643 1059 781 1122 firmetur
795 1067 827 1122 et
840 1060 971 1139 dicutur,
984 1068 1016 1121 et
1036 1060 1137 1140 plueet
1158 1061 1219 1123 sibi
1233 1064 1315 1142 quod
1329 1063 1354 1126 si
1370 1083 1456 1146 expe·
1485 1117 1489 1126 .

291 1158 385 1220 ‹lierit
405 1159 526 1220 firmme
540 1179 594 1240 per
608 1162 770 1234 statutum,
793 1157 864 1219 vult
883 1157 963 1238 qued
985 1156 1125 1220 iimnetur
1138 1163 1171 1220 et
1191 1159 1353 1222 firmentur
1366 1165 1458 1225 etium

290 1257 525 1319 constitutiones
545 1256 645 1318 suetus
665 1253 705 1317 ub
726 1255 924 1337 Imperitiores,
939 1276 1034 1336 supra
1056 1253 1137 1318 sirete
1151 1255 1254 1319 Studii
1274 1259 1437 1337 generalis.

168 1372 170 1376 ·
257 1406 259 1412 ,
330 1352 538 1419 ¹Consilium
559 1354 620 1418 tuit
641 1359 673 1417 in
694 1355 852 1417 concordie
873 1375 941 1418 eum
963 1355 1046 1418 dieto
1066 1354 1182 1418 domiui
1202 1355 1335 1420 Grili'eli.

371 1507 422 1588 (R.
445 1506 593 1568 Arelririo
613 1507 645 1568 di
667 1505 757 1568 Stute
777 1507 809 1568 iu
833 1505 933 1574 Sieue.
963 1505 1121 1588 Gensiglie
1147 1506 1307 1573 Generuie.
1339 1510 1459 1574 Delibo·
1482 1570 1483 1574 ,

291 1606 405 1667 ruuieui
427 1604 494 1668 Vol.
516 1607 565 1682 20,
587 1605 608 1668 i.
631 1607 692 1682 75).
1046 1623 1047 1626 ’
1351 1617 1353 1622 ‘

736 2034 742 2046 .
846 1981 893 2044 11.

367 2169 469 2241 riltrn
494 2168 742 2244 deliberatione
766 2169 854 2242 elelto
877 2176 984 2244 stesso
1014 2170 1193 2262 Corrsiplie,
1219 2195 1287 2265 per
1320 2172 1471 2246 rielrin»

294 2305 389 2356 errore
414 2283 525 2358 lettori
550 2309 568 2358 e
592 2285 717 2360 scolari
741 2285 828 2359 nelle
854 2286 972 2359 Studio
997 2280 1142 2361 senese(

619 2471 679 2533 Die
698 2469 831 2548 subbati,
852 2490 894 2532 xx
916 2470 991 2532 Iulii
1011 2473 1128 2552 (1275).

368 2640 406 2702 Iu
426 2641 546 2703 nomine
566 2641 699 2720 Domini,
722 2661 819 2703 amen.

367 2740 496 2802 Festum
511 2748 558 2803 est
572 2741 715 2820 geinensis
736 2740 904 2818 Consilium
919 2739 1065 2803 Oourunis
1085 2741 1118 2802 iu
1140 2742 1254 2822 pulntio
1269 2743 1398 2805 filiorum
1411 2744 1456 2803 Iu·

182 2879 189 2893 -.
242 2832 245 2838 ’
288 2835 352 2898 cubi
374 2838 411 2900 do
431 2839 549 2916 Pluteu,
570 2838 608 2899 ed
631 2858 736 2900 sonum
758 2842 951 2918 compenset
967 2859 1020 2918 per
1035 2838 1171 2900 bennum
1192 2838 1379 2917 misserunt
1401 2859 1458 2900 ruo·

290 2935 333 2996 ris
353 2942 410 3012 est,
432 2957 449 2997 u
470 2937 564 2998 nobili
586 2935 653 2998 viro
672 2935 793 2998 domine
814 2936 949 2999 Oriundo
969 2937 1131 2998 Pnttuseio
1154 2935 1193 2998 (le
1214 2924 1326 2998 Parnm
1346 2936 1405 3000 Dei
1426 2941 1459 2998 ot

288 3032 374 3113 regin
392 3036 495 3118 grutin
516 3035 591 3098 Seu:
611 3035 780 3112 Petosiris,
802 3035 835 3097 iu
856 3055 916 3113 quo
937 3034 1094 3115 proposuit
1113 3039 1146 3096 et
1169 3035 1328 3097 eonsilium
1350 3035 1457 3115 petiit:

288 3131 367 3208 qued
381 3151 449 3193 cum
463 3151 518 3212 per
532 3131 656 3194 lerinum
672 3131 800 3194 ulterius
814 3131 943 3194 Consilii
957 3131 1110 3211 generalis
1123 3129 1197 3193 sueti
1211 3152 1305 3212 snper
1318 3129 1459 3194 halrendn
1513 3156 1521 3171 ·

290 3230 433 3308 poeounie
454 3231 625 3293 necessarie
653 3229 790 3307 Cornuui,
813 3228 908 3292 fuerit
933 3229 1053 3290 firmum
1081 3229 1162 3308 quod
1190 3229 1379 3309 eligerentur
1399 3229 1460 3290 dne
1562 3249 1563 3253 ¹

289 3327 444 3406 sepientes
466 3328 526 3390 viri
548 3348 601 3409 per
622 3328 794 3403 terrenum,
814 3346 908 3408 super
929 3326 1065 3389 ferendis
1086 3326 1308 3391 ordinurneutis
1322 3334 1460 3408 etsuper
1488 3317 1507 3328 ”

196 3424 205 3496 ’,
287 3424 472 3488 inveniendo
491 3427 577 3488 modo
597 3433 629 3488 et
649 3427 701 3488 vie
715 3425 829 3505 quibus
844 3427 942 3503 possit
961 3424 1075 3487 hebere
1102 3427 1256 3506 peceuuiu,
1282 3430 1316 3488 st
1340 3425 1459 3487 ordina·
1531 3414 1533 3418 ⁴

281 3515 401 3586 'verunt
421 3530 457 3587 ut
477 3525 509 3586 iu
533 3525 668 3605 presenti
689 3522 824 3587 Consilio
844 3524 1013 3587 audivistis
1033 3524 1104 3605 legi.

249 3699 269 3712 .,
367 3623 446 3686 Item
467 3643 537 3686 eum
556 3644 611 3706 per
632 3623 759 3686 formem
780 3624 910 3688 ulterius
932 3622 1060 3687 Consilii
1085 3623 1199 3687 secreti
1224 3621 1319 3686 luerit
1340 3620 1460 3684 lirnium

287 3733 319 3784 et
338 3721 500 3786 remissum
521 3724 553 3786 iu
574 3722 670 3802 xxxvj
692 3709 724 3786 et
744 3724 888 3788 eonsules
904 3727 1106 3786 mercatorum
1121 3729 1154 3785 et
1173 3727 1273 3786 eertes
1294 3720 1459 3804 sepientes,

270 3883 272 3888 ,
287 3819 366 3900 quod
380 3820 530 3884 deberent
543 3821 685 3895 ordinere
704 3825 736 3884 et
750 3821 855 3885 vidore
875 3821 1023 3902 quomodo
1044 3819 1197 3884 hubeutur
1211 3820 1356 3884 Studium
1371 3839 1461 3901 gene·

195 3973 203 3992 ‚
286 3917 351 3980 mle
370 3918 547 3982 lieterurum
568 3918 601 3981 in
621 3910 750 3998 eivitete
770 3918 850 3982 Seu:
873 3925 905 3981 et
925 3918 1005 3998 qued
1026 3917 1176 3982 deberent
1195 3919 1338 3982 ordinere
1365 3924 1397 3980 et
1419 3919 1461 3980 ri·

182 4080 186 4088 ,
253 4081 257 4090 ,
285 4016 358 4079 dere
377 4017 526 4096 quemodo
546 4017 706 4098 magistris
726 4025 759 4080 et
778 4016 950 4080 rectoribus
969 4016 1073 4095 legum
1094 4020 1127 4078 et
1148 4017 1278 4078 eliorum
1301 4013 1460 4096 professio·

286 4102 358 4178 uum
380 4125 412 4178 et
432 4115 602 4179 seoluribus
630 4114 784 4204 universis
811 4113 939 4178 deleret
970 4114 1129 4196 providere
1156 4121 1189 4178 et
1216 4113 1365 4196 quomodo
1385 4113 1462 4196 ipsis
