3508 4972
679 75 862 186 ..ρι’-

115 275 118 278 ’
191 285 264 344 riam
287 286 317 344 in
342 282 485 342 Persen—is
514 277 715 358 prudentibus
743 277 901 338 literarum
923 276 1035 336 noticia
1057 277 1188 356 gloriosa
1211 282 1356 360 preclaris

78 361 99 402 ”
135 445 136 448 ,
189 381 321 442 relucere
343 377 542 454 singulariter
561 381 775 453 agnoscentem
798 372 836 433 ad
858 371 1111 452 supplicacionern
1132 375 1288 438 durodecim
1304 399 1357 458 pro

69 479 73 483 ’
190 477 349 557 majestate
361 479 466 535 nestra
481 471 635 550 Irnperiali
650 470 840 532 Vicarieruur
855 467 1060 546 Generalium,
1077 491 1205 533 necnon
1219 473 1356 548 Consilii,

191 573 307 653 Populi,
328 577 359 632 et
380 569 555 652 Ceurmunis
577 566 734 643 Civitatis,
757 568 921 627 cornitutus
951 571 984 626 st
1014 564 1177 628 districtus
1198 569 1355 647 Senatum,
1446 595 1450 602 ·

165 721 176 732 .,
190 676 368 745 nostrerum,
383 674 415 728 et
429 666 514 726 Sacri
535 663 662 745 Imperii
682 663 818 725 fidelium
830 661 1020 723 Dilecterum
1043 682 1097 743 per
1117 664 1273 744 religiosos
1294 669 1354 728 An·

191 771 296 836 tirnum
323 767 362 835 da
382 763 579 842 Ugcrogeriis
599 763 756 823 Lecturam
777 761 912 837 Paduae,
940 765 974 822 et
994 761 1120 844 Petrum
1143 763 1300 825 Francisci
1320 759 1372 825 de'

149 875 151 880 ’
191 865 278 926 Senis
299 862 424 924 Ordinis
445 861 590 922 Fratrum
611 860 762 921 Minerum
785 857 1034 920 Ambassiatores
1065 860 1198 939 ipsorum
1222 861 1356 938 devotos,

190 961 277 1024 uobis
291 961 426 1022 Dilectes
441 958 598 1037 lllujestati
620 965 723 1020 nostre
746 966 806 1019 tam
822 956 989 1032 humiliter,
1004 959 1266 1038 quamsapienter
1279 959 1359 1021 ebla-
1440 949 1442 954 ⁵
1497 954 1501 962 ’

190 1065 253 1120 tam
268 1060 299 1118 iu
314 1057 417 1118 eadem
433 1056 571 1117 Ciuitate
591 1061 696 1117 nestra
718 1054 875 1130 Seuerum,
891 1073 951 1132 que
965 1054 1051 1117 Sacri
1065 1055 1178 1136 Imperi
1199 1056 1359 1133 excellens,
1397 1073 1399 1078 ’

188 1162 221 1218 et
242 1155 362 1233 insigne
382 1152 549 1216 membrum
564 1151 715 1226 existitit3
744 1151 898 1227 Studium,
912 1150 993 1229 qrrcd
1013 1151 1126 1214 ibidem
1147 1151 1296 1216 hactenus
1317 1154 1360 1214 vi·
1431 1185 1434 1191 ·
1512 1147 1514 1154 ’

191 1251 304 1330 guisse,
316 1251 370 1313 scd
384 1250 433 1311 bis
455 1249 642 1329 temporibus
654 1250 802 1329 permissu
815 1245 873 1308 Dei
886 1247 1063 1326 aliqualiter
1083 1247 1277 1312 obscuratam
1293 1269 1359 1312 esse

132 1375 134 1381 ’
190 1349 389 1428 dignoscitur,
409 1349 442 1410 iu
463 1348 560 1410 lucem
579 1347 772 1410 decernimus
792 1345 910 1426 erigere
934 1346 1121 1424 redivivam3
1146 1354 1182 1410 ut
1206 1349 1245 1410 ccl
1273 1347 1360 1410 Sacri
1389 1363 1390 1369 ’

190 1446 377 1527 splendorem
393 1445 518 1526 Imperii
533 1452 702 1508 ceterarum
713 1443 770 1507 fiat
782 1443 914 1508 Urbium
929 1445 1095 1525 speculum,
1110 1451 1142 1509 et
1155 1446 1360 1526 lucernaque
1423 1535 1425 1540 ι
1495 1467 1501 1482 ·

191 1553 303 1608 remote
324 1543 416 1607 Orbis
438 1542 573 1621 tenebre,
595 1543 750 1606 variarum
773 1543 976 1605 Scientiarum
997 1543 1093 1606 radiis
1114 1545 1319 1608 illustrentur.

184 1692 185 1695 ,
268 1643 351 1706 Hine
380 1650 438 1720 est,
462 1643 543 1722 quod
575 1641 691 1722 prefate
722 1640 854 1705 civitati
878 1641 1036 1718 Seuerum,
1057 1648 1089 1705 et
1109 1641 1176 1723 ejus
1196 1643 1354 1706 Communi
1414 1674 1416 1680 >
1506 1731 1509 1740 Ι
1597 1687 1603 1704 .

137 1741 139 1744 ’
192 1741 339 1804 Generale
360 1747 550 1822 perpetuum,
565 1731 837 1821 atque'gloriesam
858 1739 962 1801 Stadii
983 1739 1144 1804 Generalis
1165 1742 1359 1822 privilegium

193 1839 375 1902 auctoritate
404 1838 537 1902 Cesarea
567 1841 686 1917 damus,
707 1845 739 1901 et
760 1833 952 1901 concedimus
983 1838 1187 1902 liberalitate
1208 1839 1359 1915 munifica,
1400 1858 1406 1872 ·

141 1942 143 1946 ’
193 1942 295 2005 tenere
318 1937 515 2018 presencium,
542 1957 579 1999 ex
599 1941 684 2000 certa
705 1937 845 2015 sciencia,
862 1956 897 1998 ac
917 1936 1073 2012 doira-ruam
1089 1937 1304 2014 Decernuntcs,
1325 1959 1361 2002 ac

193 2037 301 2098 Edicto
312 2037 441 2099 Cesarea
463 2037 598 2117 presenti
620 2036 754 2097 valitura
775 2040 922 2116 perpetue
942 2036 981 2096 de
1001 2035 1176 2116 Imperialis
1197 2037 1360 2117 potestatis
1405 2055 1406 2060 ¹
1466 2053 1469 2060 ·
1529 2043 1532 2050 '

193 2135 382 2216 plenitudine
403 2141 585 2210 statuentes,
607 2140 643 2195 at
664 2133 696 2226 ln
717 2137 787 2216 ipsa
809 2131 947 2196 civitate
968 2133 1116 2196 Scaurum
1138 2135 1279 2197 Studium
1295 2155 1360 2216 per·
1433 2142 1436 2149 '

193 2241 285 2316 petuo
305 2233 356 2310 sit,
378 2238 409 2296 et
434 2231 586 2295 habeatur
616 2233 648 2294 in
671 2232 748 2295 Jure
770 2231 863 2295 Civili
885 2239 917 2294 et
948 2229 1101 2294 canonico
1131 2240 1163 2295 et
1186 2230 1359 2309 'liedicinia
1444 2276 1468 2298 2

192 2330 398 2411 Philosophia,
417 2332 532 2412 Lcyca,
553 2329 737 2410 Grarnatica,
760 2350 804 2394 ac.
826 2331 938 2410 quavis
969 2329 1029 2391 elia
1049 2327 1208 2410 facultate,
1232 2331 1361 2412 possint·
1423 2346 1426 2351 ·

191 2450 251 2511 que
271 2449 383 2508 crurres,
405 2436 436 2492 et
463 2429 579 2509 singuli
600 2429 746 2493 Doctores
778 2436 811 2492 et
831 2428 977 2510 Magistri
999 2447 1054 2510 per
1071 2426 1208 2500 ,comune
1229 2430 1362 2493 Senense

148 2527 151 2532 ’
191 2529 361 2606 ordinandi,
383 2533 416 2590 et
434 2528 604 2608 deputandi
636 2529 668 2591 in
699 2527 836 2592 Ciuitate
858 2527 998 2609 predicta
1020 2526 1178 2608 Seuerum,
1201 2534 1307 2610 utpote
1327 2529 1359 2591 iu
1468 2531 1482 2598 ,’
1562 2515 1564 2522 ’
1596 2589 1599 2596 ,
1655 2513 1658 2522 ⁴

191 2628 300 2692 Studio
327 2627 471 2690 Generali
498 2627 680 2707 solemniter,
702 2635 734 2692 et
755 2627 876 2710 publice
897 2628 928 2690 iu
951 2629 1125 2691 memoratis
1145 2626 1361 2692 Facultatibus

43 2769 50 2783 ·
154 2725 354 2806 'legeraet
374 2727 489 2804 decere,
511 2731 543 2789 st
565 2745 626 2789 aaa
654 2745 722 2788 cum
752 2725 821 2790 aliis
842 2726 881 2788 ad
903 2723 1079 2807 subscripta
1102 2747 1155 2807 per
1175 2726 1361 2810 superiorem
1401 2804 1404 2808 ¹
1485 2804 1491 2815 .

191 2825 289 2905 ipsius
310 2823 413 2887 Stadii
434 2825 580 2886 armandi
595 2823 762 2902 Scbelares,
784 2823 986 2887 benemeritos
1008 2825 1199 2904 licenciaudi,
1221 2830 1254 2888 et
1273 2825 1361 2888 bene

78 2912 100 3004 Ἰ
169 2942 254 3005 ,rem
275 2920 437 2999 (iatbedre,
458 2928 490 2985 et
510 2921 571 2984 alia
595 2922 781 3007 Decteratus
803 2920 945 3003 insignia
966 2922 1042 3003 ipsis
1064 2924 1241 2988 selemniter
1260 2942 1361 2987 eonce-
1467 2911 1470 2920 ¹

190 3020 282 3082 dendi
314 3019 433 3101 plenam
463 3007 607 3096 babeant,
627 3020 697 3085 bae¹
715 3025 821 3082 nestra
854 3018 925 3082 freti
946 3022 1138 3084 concessione
1158 3021 1380 3102 Imperatoria
1421 3105 1425 3113 ι

190 3130 222 3181 st
241 3117 368 3180 liberam
391 3122 582 3199 potestatem·
1026 3116 1031 3126 ’

269 3216 460 3298 Superiorem
483 3235 556 3280 rere
575 3211 630 3280 b'oc
651 3209 724 3280 casa
745 3215 908 3280 Seneusem
931 3215 1116 3298 Episcopum
1136 3215 1248 3280 debere
1272 3215 1359 3300 intel·

190 3314 245 3392 ligi
265 3313 476 3394 declaramus,
503 3315 556 3394 qui
579 3315 725 3397 premissa
749 3334 802 3395 per
823 3333 865 3391 sc,
898 3311 948 3377 rel
969 3312 1062 3375 alium
1094 3320 1255 3391 exerceat3
1287 3314 1360 3376 dura
1450 3315 1454 3322 ’

129 3419 131 3422 ’
190 3411 273 3475 aullc
293 3411 508 3492 impedimento
520 3410 614 3475 inerit
625 3411 811 3492 prepeditus.
827 3410 967 3475 Vacante
988 3430 1061 3475 rere
1084 3411 1259 3494 Episcopali
1272 3399 1359 3489 Sede,

50 3561 52 3568 .
107 3513 114 3525 “
191 3510 239 3573 rel
261 3511 411 3594 Episcopo
430 3510 496 3593 ipse
517 3510 740 3590 queracdelibet
754 3510 909 3594 impedite,
925 3508 1104 3592 Capitulum
1119 3511 1282 3576 Senensem
1305 3510 1361 3574 Ec·

189 3607 279 3672 clesie
299 3610 428 3690 plenam,
450 3615 483 3672 st
502 3609 700 3672 omnimodam
722 3609 883 3672 exercendi
904 3608 1024 3690 prefata
1051 3612 1161 3688 emnia,
1183 3620 1216 3674 et
1237 3610 1361 3690 singula

162 3761 164 3766 .
190 3704 328 3784 obtineat
350 3706 537 3771 facultatem.
748 3719 750 3724 ’
1172 3780 1175 3786 ,

269 3804 413 3868 Oetermn
433 3812 471 3868 ut
491 3806 628 3884 scalares
658 3815 691 3870 et
718 3797 887 3870 Studentcs
908 3807 940 3868 iu
961 3807 1044 3870 dicta
1066 3806 1204 3871 Ciuitate
1225 3807 1360 3870 Seuease

22 3977 36 4001 ,ἱ
192 3909 278 3966 tauto
298 3902 423 3999 valeant
443 3904 553 3968 Studio
573 3923 682 3968 vacare
710 3891 847 3983 liberius,
869 3912 985 3984 quante
1005 3927 1024 3967 a
1044 3905 1252 3986 quarumlibet
1273 3903 1360 3968 mels·
1434 3903 1449 3912 ”
1471 3951 1473 3963 .

66 3997 77 4011 ’
98 4001 101 4006 “
191 4003 320 4063 stiarum
341 4003 459 4083 impetu
480 4001 613 4082 liberati,
636 4001 821 4066 staberium
843 3999 961 4064 fuerint
979 4002 1124 4067 libertate
1144 4004 1182 4068 du
1202 4003 1370 4094 Imperiali
1544 4073 1549 4082 ,

190 4098 377 4198 liberalitate
398 4097 514 4179 fulciti5
535 4101 573 4163 da
596 4100 704 4164 inuata
724 4099 812 4164 uobis
831 4095 1002 4180 clamesitis,
1025 4091 1180 4182 Recterss,
1203 4101 1359 4181 Doctores,
1410 4179 1417 4188 .
1513 4139 1517 4148 =
