3508 4972
658 157 838 222 -17-
924 108 927 118 ¹
1400 124 1427 170 ·’

160 317 328 382 honorabili
352 319 505 397 potestate
517 311 597 390 Senz,
619 311 701 373 sueta
717 311 803 392 prius
816 301 861 371 de'
869 307 1075 388 infrascriptis
1091 308 1231 390 impositu
1248 310 1328 390 upud
1376 293 1378 298 ⁵
1398 365 1403 376 ,

92 478 97 490 ,
162 419 277 479 dietum
290 415 437 496 pelutiurn
448 413 486 474 de
496 411 669 473 consecutis
680 409 868 470 dorninoru'rn
879 407 1035 469 eumorurii
1047 414 1079 468 ot
1089 407 1132 487 iiij
1144 408 1329 488 provisorum
1394 423 1395 426 ’

126 557 131 563 -
164 515 309 577 comunis
331 512 421 589 Sen:,
443 509 609 572 seeundum
626 507 752 569 formum
765 511 954 578 statutorum
968 504 1057 582 Sene,
1079 507 1109 567 in
1130 526 1190 586 quo
1210 507 1329 586 quidem
1373 524 1393 578 .'

162 611 298 673 Consilio
310 607 468 689 proposuit
489 613 521 667 et
541 604 701 667 eonsilium
718 603 810 684 petiit
823 603 903 663 idern
917 602 1058 664 domiuus
1075 623 1173 666 eunies
1188 611 1331 685 potestus,
1400 600 1402 604 ’

161 709 241 787 qnod
263 728 332 770 eum
353 706 432 767 ulios
453 702 569 765 metum
591 701 654 763 fuit
667 699 836 763 Consilium
851 708 1009 780 ounrpune,'
1021 701 1185 762 seeundum
1207 703 1331 764 serenum

107 850 109 854 s
161 813 246 868 statu
252 811 359 881 torum,
380 821 473 884 super
493 799 574 863 sueto
588 800 709 862 illorum
722 799 777 878 qni
791 799 934 862 vonerint
948 797 996 861 vel
1013 802 1213 862 veneruntad
1228 801 1332 863 eivita-

119 915 123 923 '
148 915 225 984 ¹tom
235 904 307 966 Seu.
322 903 360 964 ud
375 899 543 962 docendum
554 898 586 959 in
598 898 701 977 ulique
716 897 865 959 iueultuto
880 896 927 958 vei
943 896 1070 958 seientia
1085 898 1132 960 vei
1147 897 1265 961 illorum
1279 899 1331 978 qui
1376 906 1379 913 '

93 1073 97 1080 ⁴
162 1009 269 1065 essent
289 1000 397 1062 medici
420 999 513 1080 periti
528 998 580 1076 qui
597 997 714 1059 velient
735 1017 821 1058 suum
842 1000 940 1057 ortem
961 989 1140 1060 in'eivituto
1154 995 1230 1060 Son:
1252 1017 1331 1060 oner-
1433 1003 1436 1010 '

161 1096 565 1178 oere‚etiir1uutunnfuorit
585 1099 618 1158 in
638 1096 721 1158 dioto
741 1094 874 1162 Consilio
888 1095 967 1173 qnod
989 1095 1117 1175 predicti
1138 1096 1331 1176 loquerentur
1399 1083 1411 1143 ’-

62 1185 64 1190 ¹
85 1233 91 1244 ·
161 1219 230 1261 eum
245 1197 411 1260 camerario
433 1202 466 1259 et
485 1196 531 1274 iiij
553 1194 764 1276 provisoribus
778 1193 924 1255 Oomunis
937 1193 1008 1256 Seu.
1022 1199 1055 1256 ot
1075 1200 1245 1274 tracter-ont
1263 1216 1330 1258 eum

119 1329 122 1336 ·
162 1302 207 1362 eis
229 1301 268 1360 tle
288 1317 391 1360 eorum
412 1296 526 1359 srisrio
546 1302 578 1357 et
598 1294 773 1375 provisione
794 1294 840 1356 eis
860 1287 1001 1356 subiende
1022 1291 1187 1357 u·Comuni
1208 1293 1277 1364 Seru
1300 1305 1330 1358 et
1354 1304 1357 1377 ]
1386 1302 1388 1306 '

162 1396 314 1474 magister
336 1393 533 1469 Nieelroiaus,
555 1392 704 1470 magister
724 1392 756 1452 in
778 1392 867 1471 loyoo
894 1395 927 1452 et
946 1389 1039 1452 otium
1060 1393 1178 1472 peritus
1198 1394 1331 1456 medicus

71 1567 74 1574 ¹
161 1498 377 1568 euremarus,
392 1491 516 1571 sepiens
537 1497 569 1552 ot
589 1491 754 1566 discretus,
768 1496 800 1552 et
814 1489 868 1568 qui
878 1489 994 1551 dieitur
1007 1508 1075 1552 esse
1094 1484 1185 1553 voltis
1198 1492 1285 1554 utilis
1298 1501 1329 1554 et
1342 1486 1354 1522 ²
1396 1493 1400 1501 '

160 1589 353 1654 necessarius
372 1589 405 1652 in
427 1587 653 1666 eivituteSen.,
675 1589 758 1668 loqui
774 1587 926 1650 seceritet
942 1591 1066 1650 tractari
1086 1610 1153 1653 eum
1168 1591 1331 1652 curnemrio
1377 1581 1381 1587 “
1420 1608 1422 1613 ·
1493 1665 1497 1672 ,

160 1696 193 1752 et
214 1689 297 1769 iiijrr
318 1687 527 1770 provisoribus
548 1686 693 1749 comunis
714 1687 784 1749 Seu.
806 1694 839 1748 et
859 1685 937 1748 velit
963 1681 1102 1750 habiture
1128 1695 1162 1751 et
1187 1697 1276 1752 sture
1298 1691 1329 1752 in
1402 1730 1404 1736 ι

161 1789 293 1851 civitate
307 1788 387 1851 Seu:
409 1793 441 1850 et
461 1807 549 1849 suurn
569 1791 667 1848 ortem
683 1805 829 1848 ¹exercere
850 1790 882 1848 et
902 1784 1017 1863 docere,
1032 1792 1063 1848 et
1077 1793 1163 1868 potst
1181 1788 1242 1851 sibi
1262 1789 1329 1850 duri

161 1910 179 1951 u
193 1889 312 1952 comuni
324 1887 399 1950 Son:
422 1894 454 1952 et
471 1887 626 1970 provideri
640 1887 678 1950 de
692 1886 822 1968 pecunia
837 1885 982 1950 comunis
996 1886 1076 1950 Sen:
1097 1890 1128 1950 in
1142 1888 1168 1952 0
1181 1889 1240 1950 lib:
1250 1876 1328 1952 'deut

107 1980 110 1988 ’
160 2007 229 2050 sou:
253 1988 424 2065 annuatim,
446 1993 479 2050 et
492 1992 580 2068 petet
594 1988 687 2049 etiam
703 1985 870 2067 hospitium
885 1993 917 2048 et
931 1986 1176 2051 immunitutems
1191 1995 1223 2051 et
1236 1990 1326 2050 etiem

158 2085 307 2164 magister
328 2085 507 2148 Runueeius
527 2084 662 2148 uredieus
684 2084 803 2164 peritus
824 2083 856 2144 in
877 2090 944 2146 erte
964 2084 1087 2166 eilorgie
1106 2086 1161 2166 qui
1181 2086 1327 2149 huttenus

159 2185 270 2248 solitus
281 2191 330 2248 est
341 2185 452 2246 momri
460 2187 491 2246 in
502 2184 597 2246 Proto
608 2203 702 2264 prope
712 2183 897 2244 Florentiam
912 2186 1032 2246 venerit
1041 2185 1079 2270 ud
1089 2186 1247 2248 civitutom
1256 2186 1326 2250 Son:

160 2291 191 2346 et
203 2285 280 2347 velit
290 2285 403 2347 dietam
415 2289 512 2345 ortem
523 2303 673 2361 exercere,
684 2287 717 2344 et
727 2282 794 2362 ipse
804 2281 952 2360 magister
963 2281 1327 2348 Itanueeiustroetnrerit
1470 2363 1475 2373 ι

159 2402 227 2445 enm
243 2384 319 2465 ipsis
339 2383 505 2445 eumerurio
525 2386 557 2444 et
577 2380 622 2461 iiij
639 2381 677 2442 de
691 2379 804 2443 solerie
825 2385 858 2442 et
879 2379 1051 2460 provisione
1072 2381 1211 2446 iacienda
1230 2383 1327 2445 sibiu
1398 2421 1402 2437 .·
1448 2384 1451 2389 ’
1654 2425 1684 2440 ,·

153 2472 289 2553 Ὀοιῃιιηί
311 2479 388 2544 Son:
409 2488 443 2544 et
463 2485 551 2562 petet
571 2479 652 2558 quod
674 2477 875 2561 providentur
894 2477 954 2564 sibi
976 2481 1134 2543 annuatim
1155 2482 1227 2545 bine
1247 2483 1283 2545 ud
1306 2503 1327 2545 v

77 2629 79 2634 .
103 2653 108 2663 ¹
160 2600 257 2642 annos
270 2580 342 2668 depr
364 2579 423 2642 lib:
445 2579 519 2642 don:
542 2597 609 2641 sen:
625 2598 644 2640 e
659 2577 876 2642 Oomurri.Son:
898 2578 1115 2659 pro-pensione
1135 2580 1185 2642 sui
1203 2582 1327 2663 hospitii
1413 2618 1415 2623 ·

159 2679 192 2741 iu
214 2698 274 2759 quo
296 2677 466 2740 morabitur
486 2677 519 2740 in
539 2675 669 2740 eivituto
690 2675 769 2739 Seu:
792 2683 825 2738 et
845 2677 937 2738 etiam
959 2677 1036 2739 velit
1057 2677 1133 2741 effiei
1155 2681 1233 2742 ciris
1254 2701 1326 2742 sen:
1413 2697 1415 2704 “
1493 2693 1537 2702 ··

158 2783 191 2839 et
211 2776 416 2840 vultimbere
438 2773 635 2838 ironelritiom
655 2774 694 2837 de
717 2773 860 2837 omnibus
873 2773 968 2839 datiis
989 2781 1021 2838 et
1040 2779 1220 2858 prestsntiis
1241 2799 1326 2862 perx

158 2897 264 2955 uunos,
279 2882 312 2938 et
325 2876 356 2938 id
377 2865 458 2956 quod
479 2873 562 2956 petit
582 2872 640 2936 sibi
663 2893 838 2936 eoncessum
852 2871 914 2936 fuit
927 2893 981 2955 per
994 2875 1128 2956 dominos
1149 2897 1191 2940 xv
1213 2877 1327 2941 Guber-

158 2982 282 3036 uotores
295 2980 328 3035 et
342 2972 526 3035 Defensores
540 2970 685 3034 comunis
699 2970 758 3033 Seu
767 2991 784 3047 :,
799 2977 835 3034 ut
849 2979 936 3052 potet
951 2992 1116 3054 porrorum
1131 2977 1326 3040 stuntiumen·
1395 3014 1398 3019 -

159 3080 224 3135 tum
240 3072 430 3156 publicatum
445 3092 537 3134 msuu
552 3070 700 3134 Iohannis
714 3072 867 3151 quondum
883 3071 1116 3136 Foresis'noturi
1130 3075 1169 3159 (¹)
1183 3083 1215 3139 ot
1235 3079 1326 3140 etiem
1399 3093 1401 3097 '
1478 3081 1480 3088 ⁴

157 3171 306 3250 magister
321 3170 479 3234 Oriundus
491 3170 529 3232 de
544 3169 648 3232 Aritio
668 3168 701 3232 iu
723 3170 874 3232 medicine
895 3169 1046 3252 professor
1066 3174 1208 3240 intendet
1222 3195 1326 3256 regere

94 3294 95 3300 ¹
157 3271 190 3332 in
210 3271 362 3333 medicine
382 3271 414 3332 in
437 3269 566 3333 eivitute
586 3268 668 3331 Son:
689 3276 721 3334 ot
741 3269 861 3349 operuri
882 3269 915 3331 in
935 3276 1003 3333 orto
1025 3272 1168 3353 prodictu,
1189 3280 1221 3337 et
1241 3295 1326 3338 suum

31 3369 32 3376 ’
157 3377 255 3432 ortem
269 3390 419 3454 exercere,
433 3376 466 3433 ot
487 3369 530 3432 sit
551 3368 670 3450 peritus
692 3355 826 3431 medicus
841 3374 874 3430 et
887 3368 985 3448 vuido,
1001 3376 1036 3432 ut
1049 3371 1171 3450 dicitur,
1194 3373 1280 3436 utilis
1293 3383 1325 3436 ot

158 3470 349 3532 ueeossurius
364 3470 395 3532 iu
409 3468 540 3532 civitate
562 3467 642 3530 Seu:
663 3473 695 3532 et
717 3473 804 3551 petet
817 3467 878 3531 sibi
899 3469 1061 3550 provideri,
1076 3492 1094 3533 u
1108 3469 1237 3535 Oomuui
1251 3473 1324 3536 Seu:

120 3569 123 3572 ’
157 3568 317 3630 nostratim
331 3569 369 3632 de
383 3589 447 3631 xxv
462 3567 527 3632 lib:
548 3568 628 3631 don:
644 3574 677 3630 et
690 3562 783 3630 otium
799 3573 886 3649 potet
899 3567 1062 3651 hospitium
1076 3590 1095 3633 e
1109 3569 1237 3635 Commii
1251 3571 1323 3636 Seu:

120 3673 190 3739 fet
209 3667 425 3731 inmunitatem
446 3672 480 3731 et
499 3654 697 3730 ironebitium
718 3668 756 3730 de
776 3651 836 3729 non
864 3666 1009 3732 solvendo
1036 3661 1154 3733 datium
1182 3671 1231 3734 vel
1262 3691 1325 3754 pre·
1374 3751 1378 3759 Ι
1402 3659 1405 3667 ’

91 3803 94 3810 1
156 3766 305 3830 stantium
326 3785 380 3848 por
400 3772 519 3846 eertum
541 3773 672 3846 tempus,
694 3770 787 3847 prout
806 3762 941 3829 Consilio
961 3767 1119 3848 pieouerit,
1139 3775 1173 3832 et
1192 3767 1247 3833 boo
1266 3780 1325 3834 tre·
1396 3838 1399 3844 ,
1441 3845 1447 3859 .

156 3862 291 3928 'otsrerit
310 3883 379 3928 eum
399 3863 567 3928 remoreris
587 3869 619 3928 et
639 3862 684 3945 iiij
707 3861 917 3944 provisoribus
931 3861 1075 3930 Gomnms
1087 3865 1165 3931 Seu:
1187 3869 1323 3950 prefatis,

81 4014 99 4062 ,⁸
154 3963 320 4027 secuudum
335 3961 463 4044 formum
476 3963 552 4034 dieti
567 3961 688 4027 eonsiiii
708 3961 787 4025 elius
807 3959 901 4044 fortir
922 3970 955 4027 et
974 3965 1065 4028 etium
1087 3969 1236 4047 magister
1255 3967 1322 4032 Bel·

205 4187 242 4261 ζ’)
257 4186 289 4246 Si
307 4203 432 4246 osseum
448 4186 504 4245 ebe
521 4189 630 4260 questo
648 4191 735 4257 porto
753 4200 851 4244 renuo
870 4185 947 4244 teitu
964 4185 1044 4246 doliu
1060 4159 1296 4252 ‹ieiiberezioner
1387 4261 1420 4280 γ’,
