3508 4972
794 134 975 196 ...18-

217 327 220 334 ·
304 299 419 353 tarnum
439 293 543 352 doctor
565 291 594 350 iu
617 292 794 368 grauratica,
817 289 907 351 valdo
927 290 1014 351 utilis
1029 300 1061 354 et
1075 294 1265 354 necessarius
1288 295 1317 356 iu
1339 297 1467 360 civitate

224 538 227 544 .
303 476 490 564 ratapant
516 488 583 549 uult
605 488 712 547 morari
737 487 767 546 iu
789 485 917 547 civitate
938 486 1018 548 Son:
1040 494 1071 548 et
1097 509 1182 550 suam
1211 498 1308 553 artem
1329 512 1468 556 exeruere

299 595 329 646 et
351 593 436 666 potat
457 609 472 647 ιι
497 586 634 662 Commii,
657 585 717 645 siti
738 583 805 645 dari
826 585 984 644 ammatim
1007 584 1180 665 pensionem
1209 587 1335 669 hospitii
1356 591 1388 652 iu
1409 613 1470 671 quo

300 691 434 744 namatus
466 691 522 758 est,
546 689 636 763 prout
660 681 794 744 Ocrrsilio
825 678 975 761 placuerit
999 687 1052 762 pro
1075 687 1208 762 tompore
1229 687 1386 765 preterito.

379 782 528 843 Dominus
549 781 672 842 Salrotiu
693 781 731 841 <io
752 780 903 841 'l'aloraeis
954 823 1465 850 ...........

169 930 175 945 .
222 943 223 946 ,
300 902 391 960 super
413 881 494 943 laeto
515 868 655 958 magistri
668 878 822 941 Nieclrolai
844 885 876 941 et
896 879 1036 957 magistri
1054 878 1181 943 Orlmuli
1197 888 1230 944 ct
1243 883 1466 962 aragistrijltol·

301 979 401 1057 tremi,
423 980 587 1057 consuluit,
608 977 792 1057 quotl,siout
813 979 942 1060 potitum
964 987 1012 1041 est
1035 998 1087 1060 por
1108 998 1159 1044 ¹eeu
1185 987 1217 1042 ot
1237 981 1381 1062 imposita
1400 1004 1466 1045 cou-

301 1067 434 1156 tiucturp
449 1079 494 1141 sie
515 1077 570 1139 fiat
590 1078 636 1140 eis
656 1097 674 1139 a
695 1076 824 1139 Comuui
845 1077 914 1140 Son.
1492 1161 1494 1164 Ι

370 1163 529 1240 -Domiuus
550 1177 711 1240 Baudinus
732 1177 825 1239 iudex
851 1221 1213 1242 ........
1238 1179 1240 1186 ’
1256 1224 1463 1242 .....
1538 1203 1553 1263 ἡ

235 1299 240 1306 ·
298 1297 389 1357 super·
411 1277 492 1338 sacto
513 1267 960 1353 magistrorumcontentorum
974 1277 1006 1340 in
1021 1279 1173 1358 imposita,
1193 1279 1347 1341 eorrsnluit
1368 1286 1400 1341 ot
1419 1279 1463 1341 di·
1488 1285 1493 1295 '

298 1376 446 1453 xitqaod
467 1375 615 1454 magistro
636 1373 791 1436 Beltramo
811 1373 962 1436 soluiatm·
976 1397 1029 1455 pro
1045 1386 1178 1456 temporo
1200 1377 1345 1458 preterito
1359 1379 1463 1458 pensio

297 1472 432 1552 hospitii,
453 1473 525 1533 dum
540 1472 626 1534 modo
640 1491 698 1532 non
714 1471 841 1532 excedat
862 1493 1008 1534 summam
1030 1492 1093 1534 xxv
1116 1473 1176 1535 lib:
1199 1481 1232 1536 et
1251 1475 1331 1554 quod
1346 1495 1401 1556 per
1413 1475 1463 1536 do

297 1559 412 1630 minmn
432 1569 808 1644 Beaiucasametcuriom‚
824 1579 1001 1649 procuretur
1014 1579 1046 1633 et
1061 1571 1115 1634 liat
1136 1574 1190 1648 ita,
1212 1575 1238 1634 si
1254 1575 1366 1653 poterit
1388 1573 1463 1649 fieri,

212 1685 214 1690 ’
295 1667 374 1744 quod
399 1674 533 1728 moretm·
552 1666 727 1729 incivitate
748 1674 780 1730 et
800 1675 938 1730 exerceat
952 1676 1048 1730 artem
1065 1691 1160 1747 snam,
1174 1671 1280 1733 clareat
1302 1672 1460 1733 scientiam

294 1785 390 1842 sumn,
412 1771 444 1828 et
464 1767 543 1844 quod
567 1765 709 1827 similiter
737 1785 791 1845 per
813 1772 931 1846 tempus
954 1765 1088 1828 futurum
1111 1768 1251 1829 solratm·
1275 1769 1334 1830 sibi
1357 1769 1462 1849 pensio

294 1862 430 1943 hospitii.
462 1864 561 1944 Super
592 1864 673 1925 sueto
701 1863 840 1940 magistri
859 1863 1002 1926 'Orlaudi
1022 1867 1185 1942 consuluit,
1208 1868 1286 1946 ‹pau
1310 1867 1461 1930 lutlmata
1510 1937 1512 1942 ,

294 1960 419 2022 Coruuui
443 1981 496 2041 pro
517 1962 628 2023 salario
641 1983 705 2023 xxv
726 1960 788 2022 lib:
810 1963 889 2024 deri:
911 1983 984 2024 sen:
1007 1964 1185 2040 ammatim;
1212 1975 1244 2027 ct
1257 1986 1357 2047 super
1379 1965 1459 2029 lacto
1516 2023 1519 2030 .

258 2095 260 2100 ·
294 2054 434 2136 magistri
456 2059 611 2121 Nicelrolai
634 2059 704 2121 vult
723 2062 803 2138 quod
825 2061 937 2122 lrabeat
957 2084 974 2122 a
991 2059 1118 2129 ,Coaumi
1131 2064 1211 2126 Son:
1237 2068 1397 2126 aunuatim
1419 2067 1458 2126 si·

291 2164 344 2218 eut
366 2157 498 2236 petitum
529 2164 577 2220 est
607 2178 662 2238 pro
692 2177 745 2236 eo;
777 2167 809 2220 et
829 2179 932 2247 omnes
952 2155 1028 2222 dieti
1054 2161 1195 2240 magistri
1217 2161 1353 2225 habeant
1373 2162 1456 2224 illam

294 2253 487 2318 lrauclritiam
510 2277 601 2335 qrmm
623 2277 664 2318 xv
687 2258 840 2320 volueriut
869 2279 919 2322 eos
941 2259 1067 2338 liabere3
1089 2268 1121 2323 ot
1143 2260 1213 2322 rult
1243 2262 1324 2340 quod
1353 2261 1456 2323 nullus
1537 2284 1539 2289 ⁸

291 2355 418 2417 aliorum
439 2358 620 2419 medicorum
643 2365 712 2437 pest
732 2358 847 2420 dictum
869 2361 1051 2437 magistrum
1064 2359 1253 2422 lleltrmuum
1276 2359 1388 2422 lralmat
1409 2361 1455 2421 lac·

291 2452 428 2535 spitium,
450 2462 483 2516 ct
513 2456 583 2517 vult
612 2445 691 2535 quod
725 2456 851 2537 predicti
885 2458 1025 2536 magistri
1046 2457 1181 2521 habeant
1208 2458 1309 2521 dictas
1329 2459 1456 2542 pecuuio

290 2555 483 2630 rprantitatcs
504 2555 531 2616 si
552 2557 698 2616 steterint
717 2563 749 2617 et
770 2554 981 2618 habitaverint
1003 2557 1034 2618 iu
1056 2557 1185 2620 civitate
1199 2556 1334 2645 Seuzuot
1353 2577 1455 2618 oerum

290 2659 374 2716 artes
394 2654 594 2716 exercuerint.
836 2674 849 2702 ’

369 2741 588 2814 ltustiehettus
611 2752 703 2814 (laidi
725 2752 829 2815 Iacobi
850 2753 1003 2816 consuluit
1023 2753 1054 2816 id
1076 2754 1154 2834 quod
1176 2755 1317 2817 (lominus
1345 2753 1455 2816 llamli·

291 2866 358 2925 nus‚
379 2849 417 2909 cle
439 2849 519 2912 laeto
533 2851 674 2928 magistri
690 2848 817 2912 Orlaudi
839 2860 870 2913 ct
892 2854 1031 2929 magistri
1054 2851 1223 2929 Beltrnmi;
1246 2860 1278 2914 ct
1298 2874 1390 2933 super
1415 2853 1455 2913 sa·

292 2959 340 3011 cto
361 2949 501 3029 magistri
523 2949 681 3010 Nieclrolai
710 2950 865 3011 consuluit
892 2951 971 3028 quod
994 2950 1107 3012 lralrcat
1137 2971 1200 3013 xxv
1222 2951 1285 3013 lib:
1316 2951 1401 3027 deiri
1428 2951 1453 3010 si

291 3048 438 3128 placuerit
458 3047 589 3107 dominis
610 3067 651 3108 xv
694 3091 701 3108 .
745 3092 751 3108 .
795 3092 801 3108 .
845 3091 854 3109 .

368 3145 536 3207 Consilium
559 3145 619 3207 suit
640 3147 672 3206 in
693 3145 781 3225 plena
803 3145 960 3209 eoncordia
980 3166 1048 3208 cum
1069 3148 1152 3210 dieto
1171 3155 1205 3210 ct
1224 3150 1454 3226 arr-iugaraunto

288 3245 399 3305 doraiui
423 3244 556 3306 Bandiui
573 3243 699 3326 judicis,
719 3245 751 3305 in
772 3244 912 3306 omuibus
932 3246 1080 3310 articulis.

368 3341 434 3403 Die·
450 3343 536 3418 iovis,
557 3342 665 3403 ultimo
686 3341 771 3418 Maii.
794 3342 900 3404 Coram
921 3343 1040 3406 domino
1062 3327 1232 3406 Benincusa
1247 3346 1284 3406 do
1298 3346 1400 3407 siritio
1422 3353 1453 3408 ot

290 3440 429 3503 Ventura
461 3439 640 3518 Ilouaguirlc
671 3442 789 3505 notario
821 3440 914 3504 imbui
946 3443 1123 3506 mandatum
1148 3465 1167 3505 a
1193 3444 1313 3505 domiuo
1342 3444 1451 3506 comita

288 3546 439 3619 potestate
460 3539 492 3599 iu
514 3538 669 3620 presentia
689 3539 877 3602 ‹lerninorum
891 3559 934 3602 uu
948 3547 980 3603 et
1000 3542 1038 3603 dc
1058 3561 1160 3604 corma
1176 3533 1341 3626 ¹uoluntate
1355 3551 1387 3606 et
1401 3564 1452 3625 pa·

286 3640 392 3700 rabula
414 3636 591 3718 publicandi
612 3639 866 3702 stantiamcutum
898 3642 1067 3722 predictum
1097 3642 1131 3704 ia
1161 3650 1311 3721 quautam
1333 3662 1387 3723 pro
1407 3663 1449 3718 oo,

287 3735 365 3812 qaod
387 3735 463 3797 lacit
483 3755 537 3816 pro
557 3736 705 3816 magistro
726 3735 869 3800 Orlaado.

365 3832 425 3896 Die
439 3833 493 3914 viij
508 3833 602 3913 Iunij.
617 3837 730 3897 Aetam
746 3835 835 3900 Senis
848 3837 929 3920 eprm
945 3838 1091 3919 palatium
1106 3859 1204 3903 eoram
1219 3841 1340 3903 domino
1353 3840 1451 3905 Ciam·

287 3930 353 4012 polo
372 3928 485 4007 Albici,
506 3938 539 3994 ot
568 3934 688 3995 dotatae
715 3929 812 4018 ,Nerio
828 3933 932 4014 judice
963 3942 995 3998 et
1016 3935 1147 4001 Baldera
1168 3930 1294 4018 Ugolia'i
1316 3938 1451 4003 testibus

196 4035 197 4038 ’
288 4031 480 4110 presentibus
492 4049 500 4108 ;
521 4032 616 4095 lralmi
629 4032 785 4096 licentiam
807 4043 839 4098 et
860 4035 1037 4100 raaudatum
1058 4040 1085 4101 a'
1097 4037 1217 4101 donnino
1227 4037 1399 4100 Bcuiueasa
1412 4036 1450 4099 dc
1521 4015 1531 4038 ⁰

260 4173 262 4176 -
285 4129 397 4206 atr-itio,
415 4130 537 4192 doctore
564 4129 675 4212 logum,
689 4131 790 4194 iudico
810 4153 892 4196 uuae
911 4134 1024 4198 deraini
1045 4137 1166 4200 comitia
1186 4135 1358 4201 Potestatis
1378 4134 1448 4198 Son.
1470 4214 1473 4221 Ι
