3508 4972
179 123 186 134 ⁸
692 162 869 228 -3ῑι-
1233 142 1234 146 ‘
1672 137 1678 143 ’

206 330 358 394 studiauti
391 325 546 388 nutricare
577 339 633 382 con
655 317 751 379 sorori
772 325 804 377 ot
829 315 931 392 gurtie
960 314 1146 392 apostolielre
1168 335 1186 374 a
1206 315 1285 375 docti
1313 322 1376 374 stu·

206 429 306 490 dianti
326 446 381 488 con
402 419 566 502 apostolica
586 417 721 479 autoritd
737 434 791 493 per
810 420 914 474 tenore
929 411 967 472 de
981 409 1010 472 lo
1032 411 1168 489 presenti
1187 411 1376 473 concedinrno
1400 434 1404 444 ·
1478 417 1483 428 ‘

206 526 262 586 alre
282 523 342 586 essi
362 519 441 582 nole
460 538 527 579 coeo
548 514 725 594 sopradeeto
746 511 847 589 quello
869 508 1012 590 privileg
1005 528 1033 569 ιο
1045 509 1165 587 godane
1185 513 1218 570 et
1239 509 1325 572 aroino
1347 506 1375 570 el

206 621 296 700 qualo
322 637 415 680 usaue
442 621 474 678 et
499 612 617 692 godane
641 608 684 687 gli
711 595 863 670 studianli
891 605 971 667 nelle
991 605 1101 667 Studio
1120 604 1152 665 di
1179 605 1273 666 Beloc
1253 625 1324 685 gna,
1346 605 1376 667 le
1436 623 1438 626 ·
1514 678 1522 689 ι

206 713 416 780 occultationi
437 697 624 790 apostoliclre
644 711 677 768 et
696 703 769 765 altri
782 700 929 813 contrarij
945 721 1022 762 none
1036 699 1172 763 obstant'
1150 707 1173 763 tr
1189 702 1374 781 qualnaqne

209 815 238 876 A
260 813 351 872 niano
370 809 513 885 adunque
532 805 579 866 sio
599 802 683 865 licito
703 806 813 880 questa
839 820 899 880 pag
900 798 952 860 ina
973 799 1010 860 de
1024 798 1055 860 la
1075 803 1192 860 nostra
1203 798 1323 862 volenti
1344 808 1391 870 ot,

205 904 422 972 constitucione
441 901 617 980 infrangere
637 917 727 962 overe
747 896 786 960 od
807 915 875 959 esse
895 915 950 958 cea
965 894 1067 958 ordire
1087 897 1371 960 temerarioaudare
1459 907 1461 914 ’

207 1009 321 1068 eontra.
334 1003 385 1063 lla
395 1001 445 1062 olri
466 1005 575 1078 questo
595 1002 750 1060 attentare
766 997 941 1076 presumeret
956 993 1037 1055 nelle
1051 992 1264 1073 indignatione
1277 994 1376 1058 dell’o·

209 1103 365 1184 nipetoute
385 1098 454 1160 Idio
468 1103 501 1160 et
513 1095 646 1158 dolreati
668 1094 796 1176 apostoli
819 1091 885 1156 snei
906 1091 1012 1154 Pietro
1033 1099 1065 1155 et
1079 1091 1194 1155 Perolo
1214 1113 1249 1157 se
1269 1092 1375 1175 nappin

207 1201 318 1262 dovere
336 1199 495 1260 incarrere.
519 1195 634 1275 Datum
649 1194 737 1256 nonis
753 1192 814 1254 mei
830 1190 1007 1273 pontificato
1023 1196 1128 1254 nostro
1142 1213 1222 1255 arrno
1235 1192 1375 1254 seeundo

762 1344 814 1430 *ιι*
1200 1406 1203 1412 ·
1433 1398 1577 1502 pN

287 1500 371 1579 Greg
353 1499 434 1561 corio
455 1517 582 1561 vescovo
602 1517 691 1560 servo
710 1497 749 1559 de
770 1516 850 1575 serrp
845 1496 900 1558 dr
913 1496 982 1558 Dro
996 1496 1049 1580 'Ad
1065 1504 1212 1578 perpetuu
1234 1498 1375 1560 rnernoria
1425 1492 1488 1596 l'
1467 1535 1537 1571 ,
1535 1483 1634 1574 {²0
1637 1526 1701 1571 „ed
1726 1493 1750 1552 ²'

208 1600 247 1661 de
260 1599 288 1662 lo
307 1619 376 1660 cose
396 1597 476 1660 della
497 1597 655 1658 honestus
674 1595 755 1657 dello
776 1594 906 1658 scicntia
920 1615 938 1656 e
953 1575 1054 1656 rneriti
1076 1597 1214 1657 studiana
1235 1595 1454 1677 piacendoss
1509 1614 1516 1669 ,²
1590 1622 1595 1638 =
1618 1643 1621 1652 .

210 1697 374 1759 volentioro
395 1717 451 1774 seg
432 1694 579 1756 uitiarao
598 1714 653 1756 con
674 1693 751 1755 dono
764 1693 796 1754 di
811 1694 915 1773 gratie
936 1693 1066 1773 spetialo
1088 1695 1169 1756 occid
1188 1694 1244 1756 clre
1258 1699 1377 1755 mentre
1400 1741 1484 1789 -4

189 1794 400 1874 ragnardano
420 1814 474 1856 con
505 1785 671 1854 disiderato
702 1790 900 1852 riceviraento
921 1791 959 1852 de
980 1789 1052 1868 ¹boni
1074 1813 1106 1854 ee
1130 1791 1296 1854 alrondanti
1322 1813 1376 1855 con

210 1893 352 1954 continua
372 1891 598 1959 aurnentationo
611 1891 650 1952 de
663 1890 691 1952 le
708 1890 839 1961 virtdsi
861 1888 1022 1969 rolegrano
1036 1909 1070 1952 se
1084 1891 1212 1952 rendere
1233 1890 1315 1969 insi„
1297 1890 1440 1956 onitiQ
1450 1849 1639 2083 ΞΖ
1621 1861 1750 2033 g

210 1982 315 2051 liunosi
328 1999 360 2051 et
374 1989 521 2051 honorati.
536 1988 627 2051 Certo
642 1993 843 2050 nuorarneute
857 2007 911 2068 per
926 1992 1013 2066 parte
1027 1987 1180 2050 do’diloeti
1198 1989 1375 2067 figliuoli...

108 2135 116 2151 .
169 2161 171 2170 ,
209 2085 307 2146 Priori
340 2083 541 2162 Governatorj
564 2088 596 2145 et
622 2082 773 2163 Capitone
792 2083 824 2144 di
848 2082 953 2163 popolo
973 2083 1012 2145 de
1033 2083 1062 2144 le
1083 2084 1161 2146 citu
1180 2085 1211 2145 di
1234 2085 1325 2155 Sioua
1346 2089 1378 2146 et

209 2182 279 2260 degl
294 2181 416 2242 ollieiali
436 2180 566 2260 soprallo
577 2181 686 2242 Studio
705 2180 774 2241 dela
794 2181 884 2242 docta
898 2180 976 2241 citu
997 2180 1139 2260 deputati
1160 2202 1179 2242 a
1199 2184 1248 2243 noi
1270 2181 1303 2242 su
1324 2181 1377 2243 lrn·

209 2278 381 2339 urileraonte
401 2278 572 2358 supplicato
591 2277 647 2339 clre
668 2299 686 2338 a
708 2283 791 2340 tuoto
813 2297 941 2357 persone
962 2276 1167 2340 ecclesiastice
1189 2279 1352 2340 otiandio
1345 2301 1375 2340 ιιι
1583 2345 1585 2352 ,

209 2374 376 2437 sacerdotio
388 2374 700 2453 corretituiteeq'uali
713 2375 919 2436 actualnroute
934 2394 972 2436 ao
986 2374 1016 2435 la
1030 2376 1121 2438 decta
1134 2377 1212 2438 cittrl
1225 2377 1376 2455 studione,
1463 2438 1466 2444 ,

208 2479 240 2535 et
259 2493 277 2534 a
298 2474 391 2552 quelli
413 2494 429 2536 e
449 2473 534 2552 quali
548 2493 586 2535 ne
600 2473 629 2534 la
649 2473 737 2535 decta
758 2474 834 2535 cirta
857 2493 911 2552 per
923 2473 954 2534 le
969 2473 1076 2536 venire
1098 2475 1299 2537 studioruano
1312 2482 1376 2538 ote

164 2572 167 2578 '
208 2573 299 2636 fructi
320 2573 448 2650 rendite,
469 2593 486 2636 e
506 2573 664 2655 prorenoti
677 2573 709 2634 di
725 2573 803 2636 tucti
817 2571 944 2636 benefici
957 2571 1020 2635 loro
1034 2573 1217 2637 eclesiastici
1231 2595 1285 2638 eon
1296 2594 1370 2637 cura

208 2678 239 2734 et
259 2692 349 2734 senaa
368 2691 451 2758 eura,
473 2670 584 2750 equali
600 2672 631 2733 in
646 2671 824 2749 qnalunque
844 2671 947 2733 chiese
968 2676 1100 2751 tongeno
1113 2678 1145 2734 et
1160 2694 1213 2754 per
1228 2672 1257 2734 la
1269 2675 1375 2736 venire

101 2796 106 2804 ·
205 2771 381 2847 otteramno,
402 2770 537 2854 otiandio
549 2789 582 2832 se
596 2769 624 2830 le
635 2770 758 2848 dignito
771 2770 810 2831 de
824 2769 852 2831 le
866 2789 993 2850 persone
1007 2790 1098 2832 ovare
1110 2771 1202 2851 ellicij
1219 2793 1257 2834 ne
1272 2771 1301 2833 le
1316 2793 1374 2833 nro·

206 2870 396 2950 tropolitane,
410 2887 501 2930 orere
519 2867 698 2943 cathedrali,
713 2887 803 2930 orere
815 2868 985 2958 collegiata,
1007 2868 1109 2930 chiese
1123 2874 1156 2931 et
1169 2871 1291 2950 dignito
1311 2873 1374 2950 p're·
1424 2863 1426 2866 ’
1441 2941 1442 2944 ¹

208 2965 294 3028 docte
314 2985 353 3028 no
372 2966 401 3028 le
421 2965 651 3046 metropolitane
665 2984 755 3026 overe
768 2964 946 3027 ¹·catlredrali
966 2966 1116 3046 rnaggiorj
1138 2968 1237 3048 doppo
1259 2969 1286 3030 le
1307 2964 1387 3049 pon·'

141 3103 142 3108 κ
209 3063 314 3126 tiliceli
334 3085 424 3127 overe
444 3083 482 3126 ne
503 3064 531 3127 le
555 3062 713 3144 collegiate
733 3062 834 3125 chiese
854 3063 1016 3144 principali
1036 3085 1178 3143 suranna,
1199 3074 1231 3129 et
1251 3067 1291 3128 ad
1310 3087 1377 3130 esse
1425 3098 1428 3104 ·

207 3160 291 3222 sione
310 3162 447 3224 consueti
468 3161 552 3240 quali
568 3180 625 3240 per¹
634 3159 779 3223 eloctione
793 3180 893 3223 essere
907 3162 1057 3241 assumpti
1079 3162 1161 3224 nelo
1175 3163 1284 3226 Studio
1296 3164 1334 3227 de
1348 3164 1376 3226 le

89 3280 93 3286 ·
207 3259 317 3322 lectore
337 3279 376 3322 ne
396 3259 426 3320 la
445 3260 540 3322 decta·
555 3260 632 3324 cirta
653 3258 823 3320 insistendo
843 3258 871 3321 le
891 3258 1045 3321 cotidiano
1065 3253 1280 3342 distributionj
1302 3263 1376 3324 sole·
1486 3255 1489 3262 ’

134 3434 136 3439 ¹
207 3366 307 3421 mente
320 3364 445 3439 excepte
463 3378 531 3421 cunr
544 3377 612 3420 essa
626 3356 774 3435 integritt
788 3355 924 3419 ricerere
940 3377 1069 3438 possano
1082 3343 1118 3420 co
1132 3359 1163 3421 le
1178 3360 1270 3440 quale
1283 3359 1376 3439 quelli

206 3455 434 3520 ricoverebbero
453 3476 487 3519 se
507 3476 545 3517 no
566 3456 595 3518 le
607 3455 701 3542 ⁸(lecte
721 3455 822 3518 chiese
843 3447 1095 3534 personalraente
1107 3459 1298 3522 resedessero
1319 3479 1376 3520 noa
1495 3461 1497 3464 ’

164 3592 166 3594 -
205 3553 348 3618 obstante
369 3575 401 3618 se
421 3555 450 3617 le
469 3555 566 3616 deete'
578 3573 703 3634 persone
723 3573 762 3616 no
777 3553 805 3615 le
829 3554 917 3616 docte
938 3553 1040 3617 clriese
1060 3576 1121 3617 non
1142 3555 1275 3620 abbiano
1295 3557 1377 3619 loreto

86 3661 87 3664 ’
206 3651 235 3714 le
257 3653 357 3733 prima
373 3652 540 3717 residentia
561 3651 718 3733 personale
738 3650 884 3714 consueto
906 3659 938 3715 et
952 3652 1156 3718 similemente
1170 3675 1187 3718 e
1202 3654 1296 3718 fructi
1311 3677 1378 3719 ren·
1419 3658 1439 3742 ζ,

205 3749 270 3813 dite
290 3758 323 3814 et
343 3753 482 3832 preventi
503 3753 565 3816 cosl
587 3750 662 3814 faeti
683 3771 701 3812 a
722 3753 826 3830 questi
846 3748 951 3813 elerici
972 3769 1063 3814 orere
1075 3747 1167 3838 'layci
1187 3774 1222 3816 eo
1242 3755 1327 3834 quali
1347 3755 1377 3816 la
1399 3747 1401 3752 ’
1446 3780 1448 3782 ·

136 3899 139 3904 ,
204 3848 376 3912 conditione
395 3850 425 3912 di
447 3850 551 3929 questi
570 3850 662 3913 eoteli
682 3848 811 3913 benefici
826 3855 977 3930 petronae
991 3847 1057 3913 sere
1072 3850 1199 3933 miglore
1213 3853 1378 3916 attendare
1402 3923 1403 3928 ἵ
1497 3907 1500 3913 .

149 3972 152 3980 ·
205 3964 295 4008 orere
307 3966 326 4008 e
339 3945 427 4008 lirnra
437 3945 514 4009 'dare
528 3966 654 4027 possoeo
666 3945 827 4010 concedere
840 3944 879 4008 de
890 3945 920 4007 la
931 3943 1093 4026 benignita
1104 3949 1271 4029 apostoliea
1284 3950 1312 4012 ei
1325 3943 1375 4013 de·
1540 3942 1545 3953 ’

154 4049 157 4052 ’
205 4042 367 4122 gaaesimo.
389 4042 448 4106 Nol
467 4033 613 4124 adunque
631 4067 651 4107 a
664 4049 779 4125 *queste
800 4043 1016 4126 supplicationj
1032 4045 1174 4108 inclinati
1194 4055 1228 4110 et
1249 4048 1376 4111 volendo

105 4191 108 4197 ,
206 4139 324 4204 edocti
344 4140 495 4204 stadienti
526 4160 580 4204 cen
601 4142 757 4229 apostolici
784 4140 883 4222 fevorj
904 4149 937 4207 et
956 4141 1060 4223 gratie
1080 4143 1238 4208 nutricare
1258 4151 1291 4208 et
1315 4145 1375 4209 cel·
