3508 4972
771 225 1016 320 ¹-'2e-‘

297 418 440 491 Scolares,
462 436 514 476 sou
538 399 703 474 Stude-ntes
722 411 825 473 Stmlii
847 412 992 474 Senensis
1013 416 1141 494 pretio-ri
1163 438 1326 496 eoruruquo
1349 424 1468 484 mdrcr·
1492 459 1494 464 ·
1517 413 1519 419 ¹
1577 470 1579 474 -

296 538 353 588 sos,
375 523 402 576 el
428 513 565 590 singulos
588 511 772 585 l‘aruiliares,
795 517 827 570 et
849 510 1018 586 llinistros,
1041 533 1096 574 ncc
1123 535 1182 575 non
1196 516 1325 594 Domus,
1347 525 1379 581 ot
1400 520 1465 582 Seo-

297 613 342 673 las
363 613 393 672 in
416 617 559 682 metram,
581 616 613 668 et
634 609 718 672 Sacri
742 607 870 678 ltorrrani
893 607 1018 686 Imperii
1041 611 1251 689 prolecionom,
1267 620 1298 675 ot
1312 615 1472 692 Toronen,
1557 685 1560 692 ¹

225 710 227 714 ’
296 731 331 770 ac
349 710 553 786 defensionem
586 707 751 784 recipimus
780 705 950 783 specialem,
973 725 1084 784 cosque
1104 708 1255 785 oruuibus,
1275 717 1307 772 ot
1327 713 1460 793 singulis

296 807 485 886 Privilegiis,
509 805 733 879 Libertatilms,
754 802 884 878 Gratiis,
900 803 1165 882 Iunumrilatibns,
1180 807 1382 888 ae'Imlultis,
1403 813 1467 889 ‹ptri-
1542 852 1546 860 ·

295 905 351 966 bus
364 905 491 965 aliorum
514 902 708 964 Generalimn
731 901 910 964 Studiorum
924 902 1080 978 ltootorcs,
1093 901 1250 978 Doctores,
1273 906 1468 983 Soolm·os,ao

294 1003 471 1078 Studentos,
493 1022 655 1079 cornuaque
679 999 826 1075 Ministri,
846 999 964 1061 Domus
984 1006 1016 1062 et
1037 998 1142 1062 Scolao
1163 1001 1303 1064 dirorum
1334 1005 1467 1084 1'mpera·
1547 1011 1548 1016 ’

297 1117 402 1178 torum,
424 1106 456 1164 ot
477 1101 596 1178 Regum
624 1101 828 1160 Rauranorum
862 1099 1106 1178 predecessorum
1129 1105 1301 1162 nostrorum
1322 1101 1465 1181 lar-gillua

293 1201 491 1276 correossioue,
503 1219 557 1261 seu
569 1197 767 1259 laudabilium
783 1197 1037 1258 consuetudinum
1053 1197 1232 1259 inductione
1253 1199 1324 1275 frui,
1346 1208 1378 1262 et
1391 1222 1466 1279 gau·

293 1301 365 1360 doro
384 1304 458 1359 sum
478 1296 571 1371 soliti,
590 1295 628 1357 de
650 1293 841 1375 plenitudine
862 1299 966 1357 nostre
988 1295 1153 1375 protestatio
1168 1293 1300 1358 Cosaroo
1316 1318 1358 1367 ,ex
1380 1304 1464 1361 cortu
1504 1327 1508 1337 ·

293 1395 423 1458 asloncia
445 1398 501 1469 uti,
518 1393 633 1473 perfrui
655 1392 856 1470 decernimus,
869 1411 904 1454 ac
918 1393 1086 1468 statuimus
1102 1393 1260 1474 perpetuis
1279 1396 1466 1476 temporibus

211 1514 214 1520 ·
295 1505 324 1554 ot
346 1495 489 1570 proludere.
1467 1557 1470 1564 ,

372 1594 515 1654 l.¹retoroa
537 1589 639 1651 Stadii
661 1588 805 1650 Senensis
822 1588 886 1667 jam
910 1589 985 1649 dieti
1012 1587 1199 1651 incrementa
1222 1590 1320 1653 lelicia
1348 1591 1464 1656 serron·

292 1694 358 1752 cius
378 1691 566 1764 allectam-os,
588 1696 620 1749 el
647 1687 884 1767 longinquarum
907 1688 1028 1750 Incolas
1054 1687 1224 1768 Regionum
1248 1692 1286 1751 ad
1314 1691 1381 1769 ojus
1400 1693 1465 1754 ulli·

291 1812 358 1854 core
377 1789 535 1870 cupientes
556 1807 724 1863 aceessmm
752 1786 921 1863 universos,
942 1793 974 1848 et
998 1788 1135 1865 singulos
1161 1790 1303 1869 Clericus,
1326 1798 1358 1854 ot
1384 1793 1463 1874 Lay-

290 1910 348 1965 ces,
370 1909 424 1951 sou
445 1888 581 1950 Scolnros
601 1886 818 1966 cujuscumque
838 1885 1032 1963 corulicienis,
1054 1886 1181 1964 ordinis,
1204 1893 1259 1950 aut
1279 1897 1382 1952 atat-us
1403 1891 1463 1953 oui·

248 2005 252 2016 ·
291 1997 387 2067 snrnt,
414 1988 451 2048 ad
471 1986 633 2067 preliatum
655 1984 822 2047 Civitatem
844 1984 993 2046 Sonnrum
1025 2005 1118 2048 cauom
1137 1987 1314 2050 Studiorum
1348 1990 1464 2052 l'ulanis

294 2087 478 2169 tonnanibus
508 2085 739 2149 aecedentesin
759 2095 893 2146 'accessu
916 2085 953 2146 ad
976 2105 1051 2164 earn,
1074 2091 1106 2149 ct
1128 2087 1158 2147 in
1179 2107 1300 2151 recessu
1324 2090 1461 2170 abipsa,

292 2185 511 2265 arparibuslibot
535 2183 808 2259 Daeiis,Gabollis,
830 2183 987 2261 Podagiis,
1011 2184 1236 2262 vectigalibus,
1257 2194 1289 2248 ot
1309 2188 1461 2263 oneribus,
1542 2204 1544 2208 '

290 2305 477 2362 ‹larocumquo
499 2283 616 2343 nomino
637 2287 829 2355 censeantur,
853 2302 891 2342 ex
914 2287 999 2343 certa
1021 2284 1152 2344 seieneia
1172 2284 1341 2360 extruimus,
1358 2293 1462 2348 nostra

292 2391 323 2444 et
344 2382 526 2444 tauctoritate
547 2379 747 2458 Imperatoria
769 2379 944 2454 liberamus,
960 2386 993 2441 ot
1013 2401 1071 2440 nna
1093 2402 1160 2440 rum
1182 2381 1313 2459 lamnlis,
1336 2383 1463 2460 Erpdla·

293 2481 379 2555 tiaris,
402 2478 546 2548 Arnisiis,
570 2477 718 2544 l'allisiis.
734 2483 765 2536 et
779 2475 872 2538 robus
892 2479 957 2538 suis
979 2478 1119 2538 omnibus
1144 2478 1255 2539 liberos
1276 2500 1342 2541 esse
1362 2481 1461 2542 dooer-

291 2579 401 2653 nimns,
421 2577 459 2637 do
480 2575 652 2655 imperialis
674 2575 836 2652 potestatis
856 2574 1048 2652 plenitudine
1069 2582 1101 2636 ot
1122 2584 1285 2655 exemptos.

369 2675 554 2737 blandantes
587 2672 748 2736 Univorsis
780 2679 812 2733 et
843 2672 976 2750 singulis
1013 2673 1157 2749 Vicariis,
1188 2673 1378 2755 Oaalritaneis,
1400 2679 1461 2738 Arr-

290 2775 392 2852 tiauis,
409 2771 631 2846 Potestutibus,
653 2769 848 2846 Rectoribus,
875 2770 1152 2849 Gubernatoribns,
1175 2773 1370 2850 Corrrunibus,
1387 2775 1462 2838 Uni·

290 2871 501 2948 versitatibus,
523 2877 555 2932 et
576 2866 781 2944 officialibus,
803 2889 838 2930 ae
859 2868 1019 2932 Fidelibns
1040 2872 1208 2948 nostriset
1227 2872 1313 2934 Sacri
1335 2873 1459 2952 Imperii

290 2972 416 3033 firmiter
446 2976 478 3032 et
507 2970 658 3044 districtc,
680 2973 834 3045 (praetenue
861 2972 968 3029 eontra
999 2971 1153 3050 presentis
1184 2971 1281 3032 nostri
1303 2972 1459 3052 Irnporiali

289 3068 408 3130 Iudnlti
432 3074 563 3128 tenorem
585 3066 734 3139 Scolares,
756 3084 811 3126 seu
832 3063 1001 3128 Studentos
1021 3067 1193 3145 hujusmodi
1216 3068 1386 3143 molestare,
1411 3069 1458 3130 rel

220 3197 224 3202 ·
288 3165 460 3244 iuquietare
487 3183 546 3224 uon
574 3163 718 3236 audeant,
747 3181 801 3224 seu
827 3162 1051 3240 quomodolibet
1079 3163 1261 3244 perturbare
1290 3166 1350 3228 stab
1381 3187 1458 3245 peno
1512 3224 1516 3233 ,

254 3261 256 3266 ’
287 3262 471 3342 subscripta,
493 3262 641 3323 ucetiam
662 3259 723 3322 sub
744 3280 821 3341 pena
849 3261 1023 3342 Imperialis
1043 3262 1154 3338 llanni,
1176 3283 1267 3342 qnam
1291 3286 1404 3342 ornnes,
1426 3273 1458 3327 et

287 3361 401 3438 singuli
416 3361 548 3434 scienter
568 3360 833 3434 contralaeieutos,
849 3360 909 3422 nisi
923 3380 1056 3440 congruo
1070 3361 1267 3424 satisfaciant
1280 3365 1362 3425 intra
1378 3384 1457 3425 rnen·

287 3481 359 3538 seru,
382 3462 474 3522 tocies
494 3459 616 3538 qrrooies
636 3467 740 3521 contra
763 3459 900 3536 iecerint,
922 3479 955 3522 se
976 3459 1119 3523 noverint
1140 3481 1237 3540 usqam
1257 3462 1296 3523 ad
1317 3463 1456 3525 satiabo*

234 3570 237 3577 '
284 3560 398 3620 cionem
418 3558 599 3635 comtignnm
620 3558 874 3620 irremissibiliter
895 3559 1081 3622 incursuros.

362 3658 409 3719 Ne
429 3664 530 3718 autem
552 3657 612 3718 sub
632 3656 751 3733 habitu,
766 3662 799 3718 el
818 3657 939 3720 rrornine
961 3657 1158 3720 Studemium
1181 3682 1198 3720 a
1221 3659 1455 3740 Mercatoribus,

280 3757 329 3817 vel
350 3757 420 3816 aliis
441 3757 541 3816 frans
557 3755 590 3816 in
620 3755 778 3837 premissis
810 3756 914 3817 avaient
944 3758 1088 3833 exerceri,
1113 3757 1253 3820 volumus
1285 3768 1320 3821 ut
1347 3761 1378 3822 in
1400 3761 1456 3824 bac

279 3862 366 3933 parte
392 3853 601 3916 accedeuoium
621 3854 672 3914 ad
690 3852 870 3933 janulictam
899 3853 1068 3917 Civitatem
1101 3857 1274 3934 assercioni,
1295 3879 1351 3920 seu
1369 3857 1454 3939 jura·

262 3935 381 4014 'moun
400 3952 553 4026 credatur,
574 3952 601 4013 si
624 3951 700 4014 illud
719 3952 874 4031 qualitate
897 3972 1095 4034 personarum
1117 3961 1248 4033 attenta,
1271 3958 1372 4019 risum
1393 3955 1455 4020 fue

281 4047 323 4110 rit
343 4049 535 4128 exigendmn.
557 4049 747 4112 Recedontcs
769 4070 839 4112 vero
861 4050 968 4112 literas
989 4035 1222 4116 Testimonialos
1238 4053 1379 4136 Episcopi
1403 4055 1454 4117 So·

280 4147 392 4222 norisio,
415 4146 465 4227 vol
485 4146 626 4211 llootoris
646 4141 873 4212 Uniuorsitatis
894 4146 997 4210 Stadii
1019 4151 1190 4229 sannadieti
1208 4152 1373 4234 recipiant,
1388 4152 1453 4234 qud·

285 4243 342 4307 bus
362 4232 510 4310 neeesse
531 4243 622 4310 iidem
644 4245 783 4308 volumus
806 4244 974 4326 plenariam
995 4245 1144 4310 adbiberi.
