3508 4972
316 415 510 470 rmaemnqua
538 391 749 450 iniria-timorum
770 389 1043 450 ecclesiastieorum
1071 393 1281 468 secundarium,
1310 399 1342 454 et
1363 395 1481 472 regeria-

317 493 402 564 rium,
424 512 492 551 eum
513 511 595 563 orara,
619 489 666 548 rel
687 486 753 548 sine
784 507 866 560 earm
890 492 925 546 ut
952 488 1096 566 srrperins
1115 488 1307 566 exprimitur,
1328 492 1481 569 qualifica-

319 595 423 661 tir-aun,
444 587 496 663 qai
518 587 550 648 iu
571 585 756 666 praernissis,
771 589 803 645 et
821 583 891 645 aliis
904 581 1149 662 ‹priimseumque
1162 586 1307 660 ecelesiis,
1321 588 1388 674 siyo
1409 589 1482 652 loeis

317 708 369 764 pra
401 697 532 762 tanqum
562 683 762 758 obtinuerint,
794 681 853 759 ipsi
881 700 994 757 onmes,
1026 688 1059 742 et
1079 681 1196 760 singuli
1226 685 1257 744 iu
1278 684 1360 747 dieto
1379 688 1482 749 stridio

292 784 441 844 -Smmusi
466 804 517 861 pm
540 790 671 860 tcnqroro
691 784 909 841 corrrnaomutas
930 778 962 840 iu
983 797 1086 840 eorum
1100 777 1242 842 absentia
1261 801 1331 844 enm
1351 805 1384 845 ea
1407 783 1482 847 into·

280 910 282 914 ·
314 884 430 958 primm
451 882 545 942 libare
568 879 721 961 percipere
743 877 876 952 rai‘caut,
897 876 1171 938 distributionibus
1190 879 1379 957 quotidianis
1398 881 1481 944 dum

317 985 404 1040 taam
424 979 560 1058 exerptis
589 997 656 1039 cum
688 996 749 1054 qua
770 975 838 1037 iilos
861 974 1061 1056 pcmiporont,
1082 975 1110 1038 si
1131 975 1163 1036 in
1193 976 1305 1040 eisdem
1333 978 1479 1057 ecelesiis,

314 1076 381 1140 sire
402 1076 475 1138 locis
496 1075 695 1156 personaliter
715 1074 893 1148 residerent,
916 1077 948 1135 et
968 1072 1007 1134 ad
1028 1071 1223 1136 residendum
1244 1074 1367 1137 iuterim
1389 1077 1421 1138 ia
1441 1078 1479 1140 ei·

315 1175 399 1236 edem
420 1175 543 1235 minime
571 1179 743 1248 turianum,
763 1190 819 1231 nee
838 1191 857 1230 a
877 1190 1028 1248 quopiam
1049 1170 1143 1231 inviti
1171 1171 1296 1234 valeant
1321 1177 1479 1250 cuirctari,

281 1324 284 1328 .
315 1274 507 1347 auctoritato,
528 1279 560 1333 et
580 1270 711 1332 seientia
733 1267 920 1346 supradietis
940 1269 1041 1330 eodem
1066 1276 1168 1331 tenero
1188 1271 1395 1348 praesentium
1415 1291 1481 1334 eou-

314 1371 451 1431 cedimus
471 1370 587 1448 pariter
608 1375 640 1428 et
661 1367 863 1447 induigonms.
893 1365 1003 1426 Omnia
1028 1385 1157 1444 quoque,
1179 1372 1211 1427 ot
1238 1368 1361 1445 singula
1388 1387 1482 1449 supm·

317 1469 492 1546 praemissis
505 1473 561 1528 aut
573 1468 816 1544 ‹pritnasenmqao
829 1464 899 1525 aliis
913 1465 1010 1526 eidem
1026 1464 1135 1526 Studio
1149 1464 1286 1542 Senensi,
1298 1472 1330 1528 ot
1344 1468 1482 1546 personis

272 1609 275 1614 ι
315 1568 347 1629 in
367 1587 403 1630 ec
423 1554 621 1628 studentibus
641 1587 659 1626 a
676 1563 812 1644 praesuta
834 1563 920 1639 Sede,
938 1562 986 1624 vel
1009 1563 1139 1642 Legatis
1159 1563 1234 1642 qius,
1255 1585 1309 1626 son
1331 1565 1480 1645 Principi-

318 1665 375 1726 bus
394 1663 612 1740 eaeuaiaribus,
627 1672 683 1724 aut
702 1663 780 1724 alias
798 1681 938 1723 oeiioessa
961 1661 1133 1751 priuilegia,
1147 1665 1274 1740 gratias,
1297 1663 1427 1741 indulta,
1450 1671 1483 1725 et

315 1765 421 1826 literas
441 1783 697 1841 quorumcumque
718 1768 856 1823 tenorum
878 1760 1003 1822 suerint.
1278 1835 1281 1839 .

396 1860 483 1938 Quae
502 1862 611 1938 urania,
640 1867 672 1924 et
692 1860 814 1940 singule
847 1858 1070 1938 praesentibus,
1095 1878 1131 1920 oe
1157 1859 1185 1922 si
1213 1865 1335 1922 tonores
1357 1863 1415 1941 ipsi
1444 1867 1481 1924 de

318 1964 410 2025 verbo
429 1963 467 2023 ad
491 1961 618 2023 uerbum
639 1962 746 2022 inserti
769 1959 877 2035 serent,
893 1958 999 2020 baberi
1021 1957 1161 2020 uolumus
1184 1980 1237 2040 pro
1257 1964 1411 2040 expressis
1431 1982 1482 2024 an·

315 2061 467 2137 ctoritate,
488 2067 521 2124 et
542 2060 669 2122 seientia
690 2058 877 2138 supradietis
897 2057 1060 2118 carumdem
1083 2063 1185 2119 tonora
1207 2060 1411 2137 praesentium
1432 2083 1483 2140 ap

316 2157 487 2238 pieinmms,
508 2163 540 2220 ot
560 2153 781 2230 coinfirmamus,
803 2174 839 2217 eo
860 2159 1026 2235 perpetuae
1046 2153 1139 2214 robur
1167 2153 1481 2220 firmitatisobtinere

315 2257 514 2331 decernimus,
536 2255 719 2335 supplentes·
745 2273 848 2315 orarios
879 2258 911 2314 et
941 2251 1079 2329 singulos
1109 2252 1255 2329 descetus,
1276 2255 1356 2332 siqui
1379 2255 1480 2318 threan
1561 2243 1565 2250 ¹

212 2397 215 2402 -
266 2411 281 2430 „
316 2355 538 2418 intervenerint
549 2354 581 2415 in
595 2353 723 2428 eisderm
745 2353 942 2428 decernentes
962 2349 1095 2426 irritum,
1109 2357 1141 2412 ct
1155 2351 1245 2414 inane
1265 2353 1415 2431 quidquid
1437 2356 1480 2416 in·
1522 2421 1524 2425 ,

237 2481 239 2486 ·
315 2453 501 2514 oorrtrarium
521 2474 539 2513 o
560 2472 710 2530 quoquam
732 2450 843 2528 quavis
863 2450 1046 2510 arroteritate
1068 2450 1209 2525 scienter,
1232 2451 1280 2511 rel
1303 2453 1481 2530 ignorantur

314 2551 480 2628 eontigerit
499 2549 658 2611 attentari.
1503 2617 1504 2620 Ἴ
1532 2532 1536 2540 ’

395 2647 557 2710 Caeterum
578 2653 615 2709 ut
632 2652 798 2730 statutam,
826 2645 980 2722 voluntate,
1008 2644 1168 2724 ordinatio,
1197 2653 1230 2707 et
1262 2647 1413 2710 coracessio
1433 2669 1482 2710 no·

315 2754 381 2809 stra
408 2745 579 2824 hujusmodi
608 2745 726 2806 firmius
753 2743 967 2818 observentur,
999 2763 1035 2804 ae
1065 2743 1185 2824 plenam
1214 2745 1383 2806 sortiantur
1414 2746 1483 2808 etie-

313 2849 406 2922 ctum,
428 2845 576 2918 volumus,
597 2851 630 2906 et
658 2841 887 2904 venerabilibus
907 2839 1058 2910 iratribus
1086 2841 1323 2923 Arebicpiseopo
1344 2844 1481 2922 Senensi,

313 2953 346 3004 et
366 2941 678 3023 Episcopo-Clusino,
704 2961 739 3002 ae
759 2940 872 3002 dilecto
892 2939 954 3000 tilio
975 2939 1093 3000 Abbati
1115 2941 1291 3002 rriormstorii
1314 2943 1344 3005 S.
1367 2942 1482 3004 Donati
1508 2933 1510 2938 ⁵

313 3042 346 3103 iu
367 3042 462 3102 Podio
482 3041 608 3102 Senensi
631 3059 685 3119 por
708 3038 874 3118 apostolica
895 3040 1012 3116 scripta
1034 3037 1222 3116 umudamus,
1237 3047 1391 3118 quatenus
1412 3041 1481 3121 ipsi,

314 3139 363 3204 rel
384 3142 453 3216 diro,
474 3146 530 3200 aut
551 3159 631 3199 unus
651 3157 752 3200 eorum
776 3157 829 3216 por
849 3157 891 3212 sc,
908 3137 956 3198 vel
972 3131 1034 3215 ¹per
1054 3136 1157 3214 alium,
1173 3157 1227 3199 sou
1248 3137 1324 3200 aiios
1345 3140 1376 3201 in
1399 3160 1483 3220 pruo-
1562 3189 1571 3199 .

313 3240 416 3302 missis
436 3237 585 3314 omnibus,
600 3244 633 3298 et
645 3235 779 3315 singulis
800 3237 914 3298 eisdem
935 3235 1136 3297 studentibus
1151 3235 1282 3298 efficacis
1295 3236 1482 3301 detensionis

242 3385 245 3390 -
312 3339 464 3421 praesidio
485 3338 676 3413 assistentes,
698 3356 734 3398 ae
754 3333 922 3416 praemissa
942 3333 1052 3412 ornain,
1074 3341 1106 3396 ot
1127 3335 1251 3414 singula
1272 3335 1334 3413 ubi,
1349 3339 1480 3416 quaudo,

313 3447 346 3500 et
364 3436 486 3515 ‹qrreties
516 3434 660 3514 expedire
684 3433 841 3494 viderint:
863 3451 956 3512 super
977 3431 1033 3493 boc
1053 3451 1108 3510 pro
1128 3437 1215 3512 parto
1245 3434 1480 3512 Universitatis,

312 3543 367 3602 ant
387 3534 533 3617 alicujus,
550 3531 600 3593 vel
619 3531 791 3609 aliquorum
812 3550 850 3591 ex
870 3529 916 3591 eis
936 3529 1078 3607 requisiti
1101 3529 1217 3592 suerint
1232 3530 1407 3594 solemnitor
1428 3555 1479 3612 pu·
1534 3515 1539 3528 ,

313 3633 464 3695 blicontcs
489 3650 526 3692 ae
555 3629 728 3692 executioni
758 3627 883 3690 debitae
909 3626 1141 3703 demandantes,
1164 3627 1280 3690 farciant
1309 3631 1481 3710 praedictos

311 3731 475 3794 studentes
485 3729 517 3790 in
527 3728 630 3791 aedera
644 3728 754 3790 Studio
767 3732 987 3790 cerriruorantes
1009 3733 1196 3808 praesentes,
1208 3732 1241 3788 ot
1254 3733 1390 3808 posteros
1401 3734 1434 3790 ot
1448 3730 1479 3791 iu

314 3822 493 3910 perpetuum
508 3847 562 3908 pro
573 3826 799 3906 praesentibus.
810 3826 842 3888 iu
853 3823 937 3888 diota
951 3824 1037 3888 ouria
1051 3823 1150 3904 quoad
1172 3825 1349 3906 supradicta
1370 3827 1480 3904 omnia,

310 3935 343 3990 et
363 3924 486 4004 singula
505 3924 634 4000 ceu-seri,
666 3930 699 3987 et
729 3924 955 4000 seminariae
985 3921 1159 4002 hujusmodi
1190 3925 1423 4004 praerogativis,
1449 3934 1481 3987 et

310 4023 561 4101 antelationibus,
582 4042 637 4084 aee
659 4041 719 4084 non
739 4020 998 4097 immunitatibus,
1021 4020 1202 4100 privilegiis,
1224 4021 1480 4102 exemptionibus,
1506 4089 1507 4094 ,

310 4130 343 4185 at
361 4121 475 4202 'gratiis
494 4119 683 4204 supradictis
703 4119 806 4201 potiri,
817 4119 916 4200 fungi,
927 4126 960 4183 at
968 4120 1113 4200 gaudere,
1128 4119 1266 4202 ipsisque
1286 4118 1436 4196 omuibus,
1448 4127 1481 4182 et

308 4218 450 4297 siugulis,
465 4206 520 4280 sou
541 4215 790 4299 procuratoribus
810 4207 913 4301 aarum
935 4215 1065 4294 fruetus,
1085 4216 1237 4295 redditus,
1258 4222 1291 4280 et
1312 4223 1482 4298 proventus
