3508 4972
567 169 570 175 Ι
656 75 834 164 -sr-

158 244 312 327 praelatos
333 237 480 319 qrrarndin
493 237 527 326 in
539 235 642 296 eodem
654 233 764 294 Studio
784 231 961 293 commorati
982 231 1098 292 inerint
1114 231 1207 308 juxta
1228 231 1338 310 lrnjns·¹

157 342 239 403 ιιιοάἰ
259 336 464 402 concessionis
483 338 608 394 nostrae
630 336 776 407 tenorem,
797 329 919 408 integro
941 327 1121 389 rninistrnri.

239 438 309 500 Non
330 434 546 515 peranittentcs
560 449 610 492 eos
627 449 682 508 per
702 427 832 489 locorum
855 424 1044 502 ordinarios,
1061 426 1109 488 vel
1130 447 1333 507 quoscumque

155 537 234 598 alios
247 531 363 596 contra'
379 529 561 605 voluntatis,
582 526 708 603 statuti,
728 525 853 600 ordinis,
875 523 1088 600 concessionis,
1100 528 1132 585 ot
1152 525 1267 587 decreti
1281 527 1333 587 bn·

152 633 291 714 jusmodi
322 639 457 692 tenorem
486 627 639 706 impediri,
668 624 784 700 vexari,
813 643 868 685 seu
895 623 1122 706 qurornodolibot
1148 627 1333 705 perturbari.
1412 622 1413 626 ’

155 729 414 804 contradictores,
441 743 676 806 percensuram
708 721 960 802 ecclesiasticam,
980 721 1185 802 appellatione
1216 733 1332 806 postpo-

156 830 227 906 sita,
249 824 476 906 compescendo.

236 926 305 990 Non
334 923 535 986 obstantibus
563 910 662 984 felicis
692 919 913 983 reeordationis
932 917 1084 981 Boniiacii
1113 919 1216 1003 Papae
1237 921 1330 983 VIII.

155 1023 398 1107 praedecessoris
423 1022 531 1097 nostri,
552 1040 615 1099 qna
634 1019 845 1082 concessiones
874 1019 913 1080 do
941 1017 1096 1080 fructibus
1127 1019 1159 1080 in
1190 1018 1330 1082 absentia
1377 1094 1379 1099 Α
1415 1086 1417 1090 ,

156 1121 361 1205 percipiendis
381 1119 557 1200 hujusmodi
578 1118 655 1197 lieri,
676 1119 751 1182 «sine
772 1117 985 1200 praefinitione
1007 1117 1152 1198 ternporis
1173 1119 1338 1199 protritos.

156 1225 263 1296 tnr,ct
282 1218 352 1281 aliis
372 1218 617 1297 quibuscumque
631 1215 915 1293 constitutionibus,
930 1221 962 1278 et
975 1214 1222 1287 ordinationibus
1244 1239 1261 1279 a
1281 1237 1330 1279 no
1374 1235 1376 1240 ·

157 1317 214 1394 bis,
225 1323 257 1380 et
278 1315 566 1398 praedecessoribus
578 1314 681 1393 editis,
696 1320 729 1385 ct
742 1315 774 1376 in
791 1321 946 1394 posterum
961 1319 994 1376 et
1007 1335 1025 1375 a
1040 1315 1267 1378 surecessoribus
1282 1336 1329 1394 no

53 1466 55 1469 .
154 1414 230 1477 stris
250 1415 378 1476 edendis
398 1433 659 1492 qurerurncnmque
687 1419 827 1475 tenorum
849 1411 976 1474 suerint.
1001 1410 1106 1488 erare
1127 1413 1159 1474 in
1180 1419 1329 1492 qiuarrtnm

153 1522 260 1574 contra
281 1517 462 1592 praesentes
482 1510 516 1571 in
536 1508 640 1588 aliquo
660 1508 760 1573 iacere
780 1494 917 1593 possint,
942 1509 1001 1570 nisi
1034 1510 1073 1570 de
1093 1509 1158 1571 illis
1178 1511 1216 1573 do
1239 1508 1330 1595 uerbo

153 1609 352 1685 adverbum,
375 1627 412 1670 ae
432 1627 536 1670 earnm
558 1608 703 1670 datarum
729 1625 906 1688 expressura
938 1607 1122 1669 mentionem
1144 1605 1270 1685 iaciant,
1290 1608 1329 1668 ad
1418 1647 1422 1657 ·

155 1709 236 1788 ipsos
257 1711 435 1788 praesentes
455 1706 564 1768 literas
585 1706 725 1768 rolnnrns
751 1725 810 1768 non
832 1702 968 1782 extendi,
992 1706 1123 1768 statutis
1148 1692 1277 1786 quodne,
1298 1710 1330 1767 et
1387 1695 1403 1718 '⁸

151 1805 428 1868 consuctudinibus
448 1804 654 1882 ecelesiarum,
670 1823 725 1868 sen
740 1803 874 1866 locorum
889 1804 1054 1866 contrariis
1062 1801 1248 1884 juramento,
1263 1823 1329 1866 con·
1404 1810 1406 1815 ’
1429 1803 1431 1806 ’

154 1903 326 1966 firmatione
347 1903 523 1984 apostoliea,
546 1903 596 1966 vel
627 1903 689 1966 ulia
709 1902 821 1983 quanvis
852 1902 1000 1964 firmitate
1029 1903 1164 1981 vallatis,
1187 1888 1326 1966 etiamsi

153 2002 192 2064 de
212 2003 275 2066 illis
294 2003 466 2080 servandis,
482 2007 515 2065 et
538 2021 599 2064 non
613 2001 816 2082 impetrandis
837 2000 938 2064 literis
958 2000 1133 2081 apostolicis
1156 2009 1261 2064 contra
1282 2021 1327 2078 ea,

116 2121 121 2126 ·
153 2108 186 2162 ot
206 2101 283 2182 ipsis
302 2101 404 2164 litoris
425 2122 484 2164 non
506 2102 630 2180 utendo,
645 2102 738 2164 etiam
759 2100 800 2162 ab
820 2101 880 2163 alio
894 2101 1078 2180 impetratis,
1090 2102 1140 2163 vel
1161 2102 1238 2163 alias
1258 2121 1327 2180 qno

152 2219 213 2279 qno
233 2201 320 2262 modo
339 2203 500 2278 concessis,
523 2200 583 2280 ipsi
609 2201 780 2278 studentes,
803 2213 858 2281 p'er
888 2219 930 2278 se,
952 2200 1002 2264 vel
1025 2207 1236 2280 procuratores
1257 2220 1328 2262 snos

111 2308 115 2314 '
154 2304 230 2360 tnnc
250 2298 466 2378 praestiterint
497 2297 599 2360 forsan
618 2297 803 2379 juramenta,
824 2318 879 2361 sou
912 2299 938 2361 si
954 2298 1093 2360 locorum
1116 2297 1327 2361 Ordinariisa
1361 2367 1368 2378 f

153 2395 232 2458 Sede
253 2397 429 2477 Apostolica
450 2398 493 2458 sit
513 2416 698 2474 concessum,
725 2396 775 2459 vel
795 2397 830 2458 in
851 2402 1006 2477 posterum
1027 2398 1139 2459 ceneed
1159 2398 1326 2477 contingat,
1353 2398 1354 2402 ’

152 2495 234 2574 qnod
253 2498 423 2574 canonicos,
445 2501 588 2574 rectores,
609 2501 642 2559 et
663 2479 779 2576 priores
800 2495 1004 2575 ecclesiarum,
1027 2515 1081 2559 seu
1109 2495 1239 2558 locorum
1260 2517 1328 2559 sna·
1431 2559 1433 2564 ,

151 2613 219 2669 rum
250 2593 424 2670 civitatum,
446 2600 479 2657 ot
510 2594 690 2672 dioecesum,
724 2601 756 2668 et
786 2596 818 2656 in
849 2594 1067 2676 dignitatibus,
1102 2591 1324 2674 personatibus,
1362 2615 1365 2622 ¹
1392 2629 1395 2634 ·
1447 2593 1448 2598 ’

151 2691 483 2770 administrationibus,
505 2700 537 2755 et
564 2692 672 2756 ciliciis
692 2693 877 2758 constitutos
909 2712 963 2774 per
992 2693 1232 2756 subtractionem
1264 2713 1327 2773 pro·
1370 2685 1376 2696 ’
1478 2771 1482 2778 ν

78 2822 81 2827 ·
154 2795 303 2852 ventnnnr
326 2788 623 2868 Ecclesiasticorunr,
644 2780 701 2853 aut
721 2791 799 2854 alite
819 2791 997 2873 compellere
1024 2789 1150 2854 valeant
1185 2789 1223 2852 ad
1255 2790 1326 2853 resi·

150 2890 284 2952 dondnm
307 2890 510 2972 personaliter
529 2891 563 2952 in
583 2891 706 2968 eisdem,
728 2897 785 2957 aut
812 2891 839 2954 si
860 2891 974 2954 eisdem
995 2889 1179 2968 Ordinariis,
1202 2894 1235 2952 et
1254 2891 1325 2951 dilo-
1367 2959 1369 2966 ¹
1390 2951 1393 2958 ,

151 2988 212 3051 ctis
233 2989 307 3051 liliis
327 2988 474 3071 capitulis
495 2990 669 3052 earrrmdem
694 2990 899 3066 ecclesiarum,
922 2989 971 3052 uel
992 2988 1238 3068 quibuscumque
1257 2989 1326 3050 aliis

104 3083 108 3093 '
150 3087 360 3166 communiter,
374 3087 423 3150 vel
444 3087 570 3150 divisim
592 3087 634 3150 ab
654 3089 757 3151 eadem
780 3089 822 3152 sit
844 3087 922 3150 Sede
937 3087 1101 3165 indultum,
1116 3087 1165 3149 vel
1181 3088 1213 3149 in
1229 3095 1324 3168 poste·
1371 3104 1372 3108 ’

131 3181 222 3267 rium
243 3186 399 3265 indulgeri
419 3185 591 3265 contingat.

233 3279 322 3358 ered
343 3283 508 3369 canonicis,
529 3283 702 3348 rectoribus
735 3291 767 3347 et
787 3284 927 3366 personis
947 3284 1100 3347 dictarum
1121 3271 1336 3361 ecclesiarum,
1389 3287 1394 3302 ’

152 3400 207 3442 sen
228 3382 361 3445 locorum
393 3383 487 3446 etiarn
508 3384 541 3444 in
563 3375 784 3462 dignitatibus,
806 3383 855 3446 vel
886 3383 1112 3465 personatibus,
1134 3404 1189 3447 seu
1220 3383 1326 3445 officiis

150 3483 341 3562 constitutis,
363 3481 494 3560 fructus,
518 3483 670 3562 redditus,
694 3489 726 3546 et
752 3483 928 3565 'protentus
955 3484 1162 3564 ecclesiarum,
1180 3483 1326 3567 praeben·
1359 3537 1361 3541 .

151 3569 277 3660 darum,
292 3589 325 3646 et
351 3582 552 3662 dignitatum,
574 3603 630 3646 seu
662 3589 889 3666 personatuum,
921 3602 976 3647 seu
994 3569 1183 3662 'Officiornnn
1208 3585 1258 3647 rel
1278 3583 1326 3647 be·
1357 3579 1362 3588 '

82 3703 97 3715 ·‘
152 3677 328 3742 reficiorum
349 3701 474 3744 sumum
501 3682 679 3746 ministrare
699 3683 733 3744 in
754 3681 895 3745 absentia
923 3703 979 3745 sna
1004 3683 1127 3745 minime
1154 3690 1342 3764 teneantur,
1396 3703 1398 3708 ·
1462 3689 1465 3695 '

120 3822 122 3826 ,
151 3784 184 3851 et
203 3778 243 3840 ed
263 3779 295 3842 id
316 3779 466 3862 consprclli,
486 3791 541 3843 ant
573 3783 726 3858 interdici,
747 3779 906 3864 suspendi,
940 3783 989 3845 vel
1020 3783 1242 3846 excomunicari
1267 3803 1325 3846 non
1443 3789 1445 3796 ’

50 3938 53 3942 ,
150 3877 273 3954 possint
292 3878 476 3960 perliteras
490 3879 673 3960 apostolicas
694 3899 753 3966 non
775 3877 924 3944 iacientes
943 3880 1074 3962 plenem,
1089 3888 1121 3944 et
1141 3900 1325 3962 expressam,
1476 3853 1478 3856 Ι

5 3979 6 3984 ’
69 4029 71 4034 s
134 3971 187 4055 'uae
206 3975 246 4037 de
266 3975 422 4038 verim-ad
442 3977 572 4064 verbnm
593 3974 632 4040 de
651 3978 774 4042 indulto
794 3975 971 4058 hnjtrsmodi
991 3977 1243 4042 mentionem.Et
1261 3982 1326 4061 qui·
1537 4009 1538 4012 ¹

69 4115 82 4151 4
150 4069 289 4153 buslibet
307 4073 390 4142 aliis
405 4073 587 4172 privilegiis,
615 4074 829 4156 indulgentiis,
851 4083 884 4141 et
904 4076 1004 4141 literis
1031 4077 1208 4158 apostolicis
1238 4079 1347 4165 genos}
1373 4118 1384 4148 2
