3508 4972
653 196 953 263 -11-‘..

158 362 360 426 inmunitates
381 364 413 419 et
435 354 598 435 priuilegia
612 352 849 414 concederentur
863 357 894 410 ot
908 369 962 430 per
982 350 1079 411 dictos
1100 350 1220 411 ordines
1237 350 1326 410 suerit
1449 333 1452 340 ¹

159 460 315 543 provisum
337 464 369 518 et
390 453 575 526 ordinatum,
597 448 676 529 qued
699 447 754 510 frat
771 448 913 510 sindicus
934 467 1014 508 unus
1028 450 1060 508 et
1080 445 1196 527 planos,
1216 448 1256 508 ud
1277 466 1325 509 uo-

158 560 309 621 luntatem
324 553 466 616 Priorum
487 554 519 610 el
538 548 706 624 consulum,
727 545 766 608 ed
789 545 943 608 faciendas
965 541 1186 624 proruissieues,
1200 564 1324 608 couneu-
1373 612 1375 616 ,
1461 601 1463 606 2

156 659 263 731 tiones,
286 651 491 730 obligationes
511 654 543 710 et
564 654 652 728 pacta
668 645 835 724 magistris,
850 642 1028 722 rectoribus,
1043 644 1173 706 dominis
1194 651 1226 706 et
1247 644 1325 706 solio

155 752 273 818 lerilnrs
295 756 328 814 ot
348 746 546 812 staczoneriis
567 744 660 808 semel
681 743 850 825 eli-pluries
865 748 896 805 et
917 743 955 804 ad
973 743 1208 825 promittendum
1230 751 1262 807 ot
1280 765 1325 806 ca·

157 851 290 914 acardum
306 848 382 928 ipsis
396 852 429 908 st
442 844 571 908 cuilibet
584 861 695 920 eorurn,
713 842 792 904 sicut
806 841 866 922 ipsi
881 841 1003 903 Priores
1014 846 1045 903 et
1058 830 1198 904 consules
1211 841 1324 904 ordina·

54 983 57 988 ·
157 953 273 1013 verunt
293 954 325 1009 et
346 945 511 1022 voluerunt
543 961 596 1023 pre
627 942 671 1005 eis
691 941 840 1004 ducendis
864 941 904 1002 ad
925 939 1086 1019 legendum
1107 947 1140 1002 et
1160 940 1324 1020 regendum
1409 974 1426 1022 ῃ
1526 978 1564 1028 Ι·
1644 980 1648 990 -

157 1048 188 1110 in
208 1045 339 1109 civitate
359 1042 439 1105 Son:
463 1047 495 1104 et
515 1061 569 1122 pre
590 1039 775 1120 acquirenda
797 1037 941 1119 peccunia
963 1038 1133 1102 necessaria
1154 1059 1208 1120 pro
1228 1039 1324 1121 predi·
1388 1111 1390 1116 ,
1562 1043 1566 1052 ⁴

156 1147 215 1210 ctis
237 1152 393 1208 eteorum
414 1141 579 1220 occasione,
602 1142 719 1222 scripta
741 1138 826 1221 prins
847 1137 988 1218 imposita
1019 1139 1057 1202 de
1077 1138 1224 1220 predictis
1244 1140 1323 1220 opud

68 1271 70 1276 s
156 1246 273 1307 dictum
294 1239 444 1323 palatium
458 1240 497 1300 de
510 1238 688 1308 conscencia
703 1235 860 1317 camerarij
877 1241 908 1299 et
921 1234 1006 1315 iiijsr
1019 1237 1185 1299 secundum
1201 1237 1343 1299 sormam*
1392 1245 1420 1267 ·’
1485 1255 1487 1264 ·

62 1402 66 1411 ,
158 1345 354 1417 stotritorurn,
376 1338 456 1418 quod
472 1356 565 1417 super
579 1336 641 1398 hiis
655 1335 833 1414 consulatis,
848 1335 924 1414 quid
938 1322 982 1396 sit
995 1335 1108 1414 utilius,
1119 1354 1172 1416 pro
1186 1334 1324 1398 Comani.
1417 1389 1421 1404 „

237 1439 276 1500 In
296 1437 418 1500 nomine
440 1435 574 1512 Domini,
595 1455 694 1496 arnon.

86 1601 91 1608 ,
237 1534 389 1597 Dominus
409 1532 575 1612 Arrigolus
596 1531 749 1594 Aelrerisii
770 1530 926 1594 consuluit
957 1537 988 1594 et
1018 1530 1098 1593 dixit
1129 1552 1223 1614 nuper
1246 1532 1325 1596 facto
1381 1554 1382 1557 ¹
1475 1569 1479 1581 ·

141 1667 143 1671 ⁷
158 1635 258 1700 Stadii
280 1634 457 1700 licternrmn
471 1638 503 1695 et
516 1651 610 1712 super
630 1630 760 1694 creando
774 1629 890 1694 sindico
902 1628 1048 1693 Comanis
1074 1631 1163 1710 quod,
1179 1631 1261 1696 eiciat
1273 1632 1324 1695 im·

160 1733 256 1817 posita
276 1731 463 1810 continetur,
486 1730 530 1792 ita
553 1729 618 1792 liat.

174 1868 178 1876 ·
237 1831 387 1896 Dominus
408 1831 588 1908 Ricesorns,
610 1829 702 1892 index
730 1873 1041 1892 .......
1076 1842 1090 1892 ’.
1133 1851 1226 1912 snper
1247 1830 1325 1895 secto
1397 1835 1399 1844 ’
1451 1823 1454 1834 ’
1507 1817 1509 1824 ’

157 1932 260 1994 Stadii
279 1930 434 2010 generalis
453 1929 610 1992 consuluit
630 1929 711 2009 quod
732 1929 848 1992 dietum
871 1928 986 1992 facturn
1009 1931 1097 2011 pleno
1122 1937 1154 1993 et
1175 1930 1325 1995 liber-enit

157 2031 317 2092 remissum
337 2029 370 2091 in
387 2029 515 2099 Priores
536 2027 633 2110 xxxvj
655 2029 700 2107 et,¹
717 2028 867 2104 consules,
889 2029 942 2108 qui
963 2034 1038 2092 sunt
1061 2034 1093 2091 et
1113 2051 1168 2111 pro
1181 2037 1324 2112 'ternpore

120 2191 123 2198 ,
157 2128 282 2200 fuerint,
303 2128 385 2190 siout
400 2146 454 2208 per
468 2132 618 2189 secretum
633 2125 803 2189 Consilium
823 2126 885 2189 suit
901 2129 932 2188 in
947 2147 997 2189 eos
1011 2129 1181 2204 remissum,
1192 2136 1224 2191 st
1244 2131 1321 2208 quod
1360 2133 1362 2137 ”
1436 2145 1439 2154 ’

156 2226 349 2306 expendatur
369 2245 424 2304 pro
444 2225 593 2305 predictis
614 2225 652 2288 dc
674 2227 818 2306 peccunia
840 2223 985 2288 Oomnnis
1009 2227 1047 2288 sd
1070 2227 1260 2290 voluntatem
1281 2229 1323 2310 ip-

87 2383 90 2388 .
155 2342 256 2384 sorum
277 2330 310 2385 et
329 2329 419 2385 eatur
439 2323 478 2383 ed
499 2323 703 2402 scruptiuinm
725 2329 757 2384 et
778 2321 856 2384 fiant
875 2323 996 2400 sindici,
1017 2323 1183 2385 secundum
1198 2325 1320 2388 ior-niem
1393 2334 1396 2338 '

156 2421 307 2502 imposito.
950 2470 951 2474 ,
1148 2501 1150 2506 Α

235 2515 403 2580 Consilium
425 2516 487 2580 init
507 2519 539 2579 in
562 2517 719 2580 concordie
733 2537 802 2580 curn
817 2516 899 2580 dieto
913 2518 1116 2599 predictorum
1135 2520 1321 2584 dourinorum
1387 2519 1389 2526 ’

119 2685 121 2689 ,
155 2615 291 2697 Arrigoli
311 2623 344 2680 et
363 2617 516 2697 Recupori
537 2616 753 2682 indiciarum
773 2615 892 2679 finnnrn
914 2637 968 2698 per
989 2619 1201 2700 scruptiuium.

221 2715 295 2777 'Die
315 2737 358 2777 xx
378 2713 453 2794 Iulij
469 2704 507 2776 'in
528 2734 608 2777 anno
628 2714 781 2791 Mcelunv,
802 2714 967 2778 indictione
987 2716 1031 2798 iij,
1046 2718 1077 2779 in
1098 2717 1213 2798 palatio
1228 2720 1319 2800 predi·

154 2819 211 2892 cto,
233 2833 333 2875 coram
355 2813 492 2875 Iohanne
515 2810 639 2875 Alberti
660 2817 691 2875 et
712 2811 833 2874 domino
854 2807 1013 2893 Recupero
1034 2816 1143 2894 iudice,
1164 2819 1307 2881 testibus.

234 2907 385 2974 Omnibus
405 2915 555 2992 appareat
575 2909 736 2973 euidenter
756 2911 835 2989 quod
858 2910 969 2975 nobilis
990 2913 1040 2976 vir
1059 2914 1202 2978 dominus
1217 2915 1321 2980 Orlnn·

103 3029 104 3034 ¹
154 3012 214 3073 dus
233 3009 414 3072 Puttasoius
436 3008 495 3072 Dei
525 3014 558 3071 ot
577 3008 663 3088 regia
683 3008 786 3087 gralia
808 3014 947 3090 potestas
968 3010 1049 3074 Seu:
1080 3013 1118 3075 de
1138 3015 1320 3078 arroteritate
1373 3026 1375 3031 “

154 3109 281 3172 Rnnerii
302 3109 416 3172 doruini
438 3107 566 3172 Orlandi
587 3109 745 3171 camerarii
767 3107 913 3172 Comanis
939 3108 1030 3188 Sena,
1055 3111 1169 3173 domini
1195 3113 1319 3175 Itanorii
1408 3122 1411 3128 '

97 3211 100 3219 '
153 3208 290 3287 ancbii,
312 3208 427 3271 domini
448 3207 612 3272 Vccliiette
632 3215 665 3271 et
685 3207 800 3286 domini
821 3207 1006 3294 Biirtalornei
1026 3209 1064 3272 de
1085 3209 1211 3287 Stiollis,
1229 3210 1319 3274 triuin
1433 3288 1435 3295 Ι

21 3307 22 3314 '
118 3327 192 3374 ⁴sn
212 3297 360 3388 qnattdor
379 3295 745 3388 provisornm'cornunis,
767 3307 805 3370 de
824 3306 1009 3373 erectoritnto
1028 3308 1320 3389 gerrer·alisCensilii
1464 3350 1474 3356 --
1540 3293 1544 3302 ’

57 3426 67 3462 ,·
136 3468 137 3472 ,
153 3426 301 3486 campane
312 3403 466 3481 Comanis,
483 3403 631 3483 iecerunt,
646 3405 874 3468 constituerunt
888 3412 920 3468 et
934 3399 1155 3470 ordinaverunt
1164 3401 1324 3486 Ildobran·¹
1339 3465 1343 3472 .
1358 3465 1360 3470 .
1452 3486 1454 3490 ,

153 3503 261 3565 dinnrn
276 3501 434 3566 Guillelnri
454 3501 746 3582 notorium,lllinurn
769 3501 975 3584 Bonscgnoris
995 3504 1034 3567 ds
1054 3503 1229 3586 laGerlaia,
1250 3506 1320 3570 licet
1370 3498 1396 3547 Q
1464 3589 1466 3592 v
1520 3509 1522 3516 '
1567 3586 1568 3590 Ἰ

62 3665 65 3673 ,
153 3601 309 3679 absentes,
329 3609 362 3664 st
381 3601 513 3681 quilibet
533 3620 636 3664 eorum
656 3602 689 3663 in
711 3601 849 3678 solidum,
881 3603 926 3663 ita
946 3603 1026 3682 quod
1058 3624 1117 3666 non
1149 3606 1191 3668 sit
1218 3607 1321 3670 melior
1408 3629 1422 3692 j
1460 3606 1463 3612 ’
1502 3665 1507 3674 ,
1549 3599 1550 3604 ’

66 3760 81 3780 ‚
109 3738 111 3742 -
153 3699 288 3762 conditio
306 3699 485 3784 occupantis
507 3699 639 3780 siquod
672 3720 751 3762 unus
778 3700 933 3781 inceperit
953 3721 1007 3784 per
1026 3701 1119 3765 elium
1140 3706 1237 3784 possit
1259 3727 1320 3787 pro

85 3837 86 3842 κ
153 3798 250 3877 sequi,
271 3814 343 3860 suos
357 3793 390 3859 et
403 3795 479 3860 dicti
491 3795 648 3862 ,Comanis
668 3793 810 3875 siudieos,
825 3803 952 3878 setores,
964 3808 1175 3881 procuratores
1195 3808 1227 3865 ot
1246 3824 1320 3867 nun·

66 3949 67 3952 ,
154 3894 213 3959 ties
233 3895 382 3977 speciales
402 3896 441 3959 ad
463 3893 622 3959 iaciendas
641 3896 872 3976 conventiones,
887 3896 1109 3980 promissiones,
1120 3898 1321 3982 obligationes
1374 3945 1378 3956 ·
1513 3979 1517 3988 ι

77 3995 107 4064 J
153 3998 186 4056 st
215 4000 306 4075 pects
334 3993 516 4072 rectoribus,
538 3988 688 4073 dominis,¹
701 3993 870 4076 magistris,
896 3995 1096 4078 scholaribus,
1123 4000 1318 4066 stnczoneriis

67 4127 70 4140 ·
152 4092 207 4171 qui
228 4091 371 4156 uenerint
391 4093 431 4156 od
452 4093 625 4174 legendum,
640 4093 808 4176 regendum
822 4100 855 4158 ct
868 4093 1036 4160 docendum
1049 4099 1083 4162 in
1102 4099 1231 4163 civitate
1245 4101 1316 4163 Sea:

61 4259 63 4266 ,
92 4209 97 4238 ··
152 4196 185 4253 st
203 4189 243 4253 nd
263 4191 489 4254 eoncedendum
518 4184 600 4272 ipsis
616 4198 649 4256 et
668 4191 797 4256 cuilibet
822 4211 925 4269 eorum
951 4195 1114 4278 privilegis
1137 4204 1170 4261 st
1189 4198 1318 4260 inmuni·
